3352 5572
753 434 927 495 srrrcvs
1295 386 1403 502 321*

286 626 544 736 principatum
561 626 799 735 eloquentiae
817 631 981 724 tenebat,
1000 649 1045 710 ut
1060 632 1219 738 intelligi
1227 661 1306 713 non
1315 659 1397 741 pos·

274 765 357 838 set,
373 762 460 823 uter
478 773 564 822 eum
577 746 664 852 plus
680 747 866 852 diligeret,
876 750 1019 847 Cicero,
1038 778 1087 826 an
1106 752 1340 844 Hortensium
1360 773 1400 829 et

225 851 230 861 ’
288 863 343 956 id,
360 862 466 964 quod
487 880 569 939 erat
587 862 853 958 difficillimum,
879 864 1074 959 efficiebat,
1106 882 1162 957 ut,
1186 869 1286 944 inter
1302 895 1400 972 quos

289 997 417 1056 tantae
441 977 564 1092 laudis
584 998 680 1058 esset
696 980 909 1073 aemulatio,
934 980 1038 1058 nulla
1063 981 1317 1060 intercederet
1333 983 1400 1062 olt-
1439 997 1441 1005 ’

290 1098 476 1201 tractatio,
494 1113 665 1200 essetque
686 1097 815 1174 talium
830 1100 999 1177 virorum
1015 1097 1165 1203 copula.

340 1213 406 1288 vt.
423 1216 467 1287 ln
485 1212 682 1318 republica
699 1215 751 1289 ita
769 1230 827 1290 est
844 1231 1025 1307 versatus,
1045 1232 1056 1266 ¹
1075 1231 1119 1290 ut
1134 1239 1284 1319 semper
1303 1219 1402 1320 opti·

293 1354 437 1404 marum
455 1331 621 1434 partium
633 1329 681 1406 ‘et
695 1345 809 1423 esset,¹
825 1346 864 1406 et
880 1334 1178 1423 existimaretur3
1197 1360 1319 1435 neque
1339 1342 1399 1409 ta-

291 1470 380 1518 men
399 1470 438 1521 se
456 1443 633 1521 civilibus
649 1445 830 1522 fluctibus
846 1450 1109 1540 committeret,
1117 1445 1320 1551 quodnon,
1328 1476 1405 1522 ma·

290 1564 420 1664 giseos
438 1565 479 1638 in
497 1589 564 1650 aua
583 1570 770 1666 potestate
791 1559 1022 1638 existimabat
1034 1589 1125 1654 esse,
1144 1566 1263 1666 quise
1282 1566 1326 1640 iis
1339 1563 1405 1638 de·

278 1676 448 1773 dissent,
468 1705 583 1781 quam
602 1681 669 1782 qui
678 1678 873 1754 maritimis
891 1680 1133 1756 iactarentur.
1145 1680 1317 1756 Honores
1326 1704 1408 1756 uon

293 1796 424 1899 petiit,
443 1821 561 1897 quum
584 1796 620 1868 ei
638 1810 814 1897 paterent
831 1811 990 1899 propter
1005 1794 1065 1874 vel
1092 1797 1249 1897 gratiam
1263 1795 1326 1871 ‘rel
1341 1792 1403 1904 di·

292 1911 495 2012 gnitatcm,
512 1913 528 1961 ²
546 1908 653 2011 quod
680 1936 808 2014 neque
825 1911 904 2014 peti
924 1935 1029 1986 more
1059 1909 1264 2000 maiorum,
1281 1933 1408 2011 neque

296 2164 385 2230 Quum
402 2160 449 2215 bac
464 2169 615 2233 tempestate
630 2161 770 2217 seeundum
781 2162 827 2218 Cl·
879 2159 1069 2234 comparatione
1084 2161 1150 2214 taeta
1163 2169 1219 2230 apte
1239 2159 1410 2231 persequitur.

298 2264 359 2300 aero
372 2244 458 2299 locum
475 2245 614 2302 obtineret.
634 2246 675 2300 De
690 2245 829 2300 Honeusio
879 2245 917 2298 lta
932 2246 1030 2316 passim
1046 2243 1132 2302 mulii.
1146 2243 1210 2297 Nota
1226 2253 1265 2298 est
1276 2241 1410 2314 ¹allegoria

297 2327 485 2398 Quintilianus,
499 2333 561 2383 inst.
577 2346 619 2384 cr.
633 2330 681 2395 XI,
695 2335 729 2383 ir
755 2329 830 2381 aDiia
879 2331 942 2382 Hor.
955 2329 978 2392 l,
994 2333 1035 2382 tt.-

298 2412 416 2483 prineeps
432 2421 572 2475 «amm,
589 2410 729 2486 aliquando
741 2429 830 2465 umu-
978 2463 984 2476 ,
1147 2463 1152 2474 ,
1355 2462 1361 2474 ,

297 2494 340 2550 lua
355 2494 489 2549 Ciceronis
502 2495 660 2550 existimatus
671 2501 720 2560 est,
738 2491 830 2547 norb
880 2457 1004 2594 κῇ
1017 2461 1130 2532 'esem‘
1142 2478 1170 2512 ”⁸
1182 2476 1252 2512 Μ
1268 2469 1292 2511 ‘⁰
1302 2476 1362 2512 Μ

298 2583 372 2651 utne,
385 2580 467 2650 quoad
479 2579 554 2644 vixit,
568 2580 719 2633 mannitus
737 2581 832 2632 Deon-
916 2627 921 2637 ,
990 2580 995 2593 “

299 2653 833 2729 demontrat,⁷:··110rtarriu·,'0mni·
881 2655 977 2710 conur
995 2653 1045 2708 tol.
1062 2655 1099 2708 X.
1164 2655 1325 2707 immor.
1346 2653 1413 2707 Pro·

299 2748 442 2806 buaierme
452 2747 596 2802 oratoribua
605 2749 693 2800 aetatis
704 2765 773 2814 suae,
782 2746 834 2801 nist
882 2737 971 2809 ptiust
987 2738 1016 2790 ln
1031 2745 1080 2790 hat
1093 2753 1122 2789 re
1139 2730 1413 2791 verumtanem.

222 2858 229 2874 ·
300 2832 340 2887 tt.
349 2830 449 2895 Tullio,
464 2830 584 2884 clariora
601 2831 784 2883 flonensianae
792 2847 834 2882 aaa·
882 2820 915 2875 etl
929 2819 1024 2891 Virgll·
1041 2822 1109 2873 Aen·
1125 2822 1146 2882 Ι.
1163 2825 1196 2886 75
1213 2834 1262 2870 uec
1278 2834 1330 2869 nou
1346 2813 1413 2869 Veli.

301 2925 357 2970 tent
366 2915 528 2987 eloquentiae
540 2914 667 2977 heredites
678 2934 731 2969 non
741 2915 792 2969 nisi
802 2913 833 2966 ui
883 2909 907 2970 1,
920 2909 947 2958 22
969 2902 1092 2957 altaclmi
1105 2903 1137 2956 ab
1155 2898 1297 2956 Heraclidis
1314 2899 1415 2954 Orestis

302 2999 476 3067 Hortensium,
491 2998 555 3053 clari
568 3001 674 3067 hebraee
688 3000 795 3054 oratoris
807 3000 834 3051 rt·
884 2987 959 3042 liberi
973 2991 1110 3057 iactasr'que
1127 3003 1209 3057 quum
1224 2984 1301 3038 wll»
1316 2983 1416 3036 casibus

302 3081 376 3147 liam,
393 3084 501 3137 transiit.
512 3082 572 3138 Vid.
582 3080 669 3137 valer.
680 3081 749 3135 Mn,
763 3082 835 3147 vm,
884 3080 943 3126 turn
955 3069 1058 3124 saevitia
1072 3071 1174 3123 marias
1185 3069 1416 3121 Maritimiaautem

304 3169 329 3227 3,
346 3160 583 3218 a-Otrree'aeto.
603 3163 703 3216 Conler
720 3160 753 3215 ad
770 3159 835 3215 Ari-
884 3156 970 3230 posuit
986 3172 1033 3228 pao
1044 3157 1155 3218 maritus,
1169 3171 1253 3223 neque
1267 3162 1353 3205 umen
1367 3149 1417 3203 boe

303 3244 363 3300 atid.
372 3248 394 3298 1.
403 3247 439 3299 Ex
452 3257 538 3301 nostro
551 3246 607 3301 icoo
620 3246 758 3301 discrimen
768 3245 837 3301 inter
884 3241 980 3314 absque
994 3238 1126 3310 exemplis.

304 3328 503 3384 aemulationem
515 3341 542 3384 et
553 3329 769 3385 obtrectationem
790 3334 835 3386 in·
919 3327 962 3393 (2)
975 3323 1140 3394 Dignitatem.
1148 3320 1249 3389 Nempe
1262 3325 1418 3388 equestrem.

305 3410 388 3482 telligi
408 3422 500 3485 potest.
516 3410 563 3469 illa
579 3411 658 3480 bono,
674 3413 737 3468 baec
754 3411 836 3482 melo,
887 3434 921 3451 ·-
937 3407 1016 3461 More
1036 3410 1167 3458 moram.
1184 3401 1306 3463 Scilicet,
1323 3398 1419 3468 absque

305 3513 381 3569 sensu
393 3494 495 3565 dicitur,
515 3494 559 3550 itta
574 3496 683 3563 imitari,
699 3495 840 3567 conractni
888 3489 950 3544 dolo
965 3501 992 3544 et
1008 3478 1123 3552 otta'eiir,
1138 3504 1188 3538 una
1201 3484 1307 3538 virtute:
1322 3479 1420 3534 etenim

249 3584 255 3595 '
302 3571 507 3654 uirtuteubaer
524 3596 640 3650 carpere,
650 3596 761 3651 suasque
774 3597 839 3651 quo·
888 3573 959 3627 bisce
983 3570 1143 3642 temporibus
1168 3566 1268 3619 aetiam
1301 3563 1421 3616 bominea

307 3661 348 3713 vu
363 3660 442 3714 modo
458 3660 584 3715 extollere
600 3670 627 3716 et
643 3660 782 3716 obtrudere
794 3680 838 3715 ao·
890 3657 965 3723 novi,
978 3657 1021 3727 qui
1044 3663 1118 3727 autea
1140 3669 1188 3723 per
1207 3649 1332 3703 virtutem
1352 3645 1423 3701 soliti

309 3742 354 3799 let.
363 3744 574 3816 rra-copula.
586 3747 757 3801 Aemulorum
771 3744 839 3800 scili·
889 3750 964 3794 erant
982 3733 1143 3793 nobilitatem
1156 3733 1317 3795 antevenire,
1330 3729 1423 3783 suatim
1448 3814 1450 3816 γ

308 3836 351 3881 cet
365 3829 523 3895 conciliator,
537 3826 675 3901 qui‘veluti
686 3829 787 3882 medius
799 3829 841 3893 ing
892 3837 919 3881 et
933 3843 980 3897 per
996 3823 1128 3877 latrocinia
1144 3820 1239 3890 potius,
1256 3833 1333 3887 quarn
1349 3812 1424 3866 bonis

309 3911 475 3976 tercedebat,
504 3932 538 3966 ne
568 3915 596 3967 iu
631 3894 842 3968 obtrectationem
894 3907 1000 3972 artibus,
1015 3904 1046 3957 atl
1063 3903 1171 3972 imperia
1184 3911 1210 3954 et
1228 3899 1339 3952 honores
1352 3896 1425 3991 nite·

311 4006 459 4068 erumperet
473 3994 618 4050 aemulatio.
778 3987 783 3993 ⁸
895 3992 1018 4044 bentona
1039 3985 1143 4039 Sallust.
1159 3989 1215 4054 lug.
1230 3984 1275 4035 tv.
1290 4009 1324 4022 -
1338 3979 1426 4031 Gerre
1491 4023 1497 4035 -.

345 4081 388 4146 (t)
401 4079 434 4132 Ira
445 4080 537 4151 republ.
549 4085 585 4133 ita
595 4081 633 4132 'eat
647 4092 767 4150 vernois.
778 4074 847 4130 Vide
896 4072 1033 4143 republica.
1047 4071 1129 4122 Inous
1146 4066 1173 4119 in
1192 4064 1263 4117 libris
1280 4064 1384 4116 uitiatus
1399 4069 1427 4114 et

218 4170 220 4175 “
314 4178 390 4230 supra
401 4181 423 4218 c.
436 4165 471 4228 tt,
483 4174 538 4219 not.
552 4169 578 4217 4.
586 4164 762 4234 -Flactibua
770 4158 847 4214 bellis
898 4164 1041 4227 amputatus
1052 4153 1146 4226 prodit.
1158 4150 1211 4203 Atii
1221 4149 1293 4230 enim
1305 4146 1428 4201 omittunt

312 4243 419 4301 actieee
437 4246 540 4317 elegans
553 4247 715 4319 metaphora,
728 4263 808 4318 quam
821 4252 848 4299 et
896 4243 964 4315 geri,
977 4239 1021 4297 alii
1033 4258 1047 4296 c
1059 4237 1192 4310 republica,
1210 4236 1253 4291 sei
1269 4230 1309 4287 res
1320 4234 1373 4296 reri
1383 4248 1426 4286 es·

375 4361 378 4366 ·
416 4329 505 4405 Coa.
532 4331 622 4408 Nur.
1001 4415 1011 4433 ‚
1288 4315 1327 4392 X
1363 4356 1365 4361 .
