3352 5572
710 475 937 543 naumann
1298 448 1397 549 301:

272 699 401 761 cetera
427 680 509 758 iore
528 677 789 758 arbitrabatur.
812 681 871 758 Ad
891 681 994 757 hune
1005 680 1310 761 interficiendum
1330 703 1389 761 ta·

272 803 349 880 lem
376 802 460 877 iniit
478 800 672 877 rationem.
692 796 818 881 Classe
835 802 965 905 paucis
981 799 1118 876 diebus
1138 820 1246 879 erant
1266 790 1401 881 decre-¹

273 921 371 996 turi:
405 915 659 1021 superabatur
694 917 848 991 narium
876 914 1140 994 multitudine:
1167 919 1254 996 dolo
1279 926 1397 999 erat⁶.

272 1035 535 1146 pugnandum,
573 1061 692 1138 quum
720 1061 788 1134 par
820 1060 897 1110 non
924 1053 1021 1113 esset
1042 1039 1163 1112 armis.
1192 1040 1399 1142 Imperavit
1515 1024 1519 1030 ⁴

273 1181 387 1260 quam
405 1152 584 1255 plurimas
601 1168 806 1228 venenatas
820 1171 1011 1257 serpentes
1037 1156 1138 1232 vivas
1159 1153 1298 1258 colligi,
1320 1184 1397 1234 eas-

273 1299 350 1378 que
367 1274 410 1347 in
428 1298 513 1352 vasa
531 1267 658 1344 fictilia
673 1270 820 1344 coniici.
839 1270 981 1346 Harum
1000 1299 1119 1377 quum
1138 1272 1363 1352 confecisset
1381 1278 1394 1325 ⁷

273 1416 446 1493 magnam
481 1385 791 1483 multitudinem,
825 1387 884 1462 die
906 1391 999 1490 ipso,
1026 1416 1103 1491 quo
1123 1389 1291 1469 facturus
1317 1407 1397 1468 erat

272 1506 407 1586 navale
428 1504 631 1610 praelium,
655 1504 858 1581 classiarios
886 1524 1079 1601 convocat,
1097 1509 1232 1611 hisque
1251 1511 1397 1615 praeci·
1445 1599 1449 1605 Ι

272 1627 344 1730 pit,
364 1650 494 1701 omnes
521 1640 565 1698 ut
582 1624 622 1696 in
643 1649 758 1697 unam
771 1623 951 1699 Eumenis
971 1627 1066 1728 regis
1085 1644 1398 1703 concurrantna·

162 1779 166 1784 ·
275 1766 410 1832 vem,a
438 1741 569 1815 ceteris
587 1753 735 1813 tantum
754 1739 841 1812 satis
868 1738 1034 1814 habeant
1053 1767 1092 1816 se
1109 1738 1320 1819 defendere
1327 1772 1337 1834 ;
1359 1742 1400 1819 id

272 1855 383 1933 facile
397 1855 483 1933 illos
503 1858 737 1959 serpentium
758 1851 1003 1931 multitudine
1024 1876 1309 1936 consecuturos.
1320 1862 1399 1936 Rex

275 1974 458 2050 autemin
478 2000 555 2076 qua
571 2000 667 2047 nare
687 1973 903 2063 veheretur,
920 1979 965 2047 ut
982 1975 1133 2064 scirent,
1143 2001 1181 2049 se
1190 1974 1399 2051 facturum:

275 2091 436 2193 quamsi
458 2106 524 2165 aut
550 2091 749 2193 cepissent,
778 2096 844 2165 aut
861 2078 1150 2188 interfecissent,
1176 2118 1315 2194 magno
1341 2094 1399 2170 his

274 2206 482 2312 pollicetur
507 2202 676 2313 praerbio
696 2209 789 2283 fore.

328 2323 393 2400 x1.
403 2324 488 2400 Tali
506 2325 768 2401 cohortatione
778 2322 938 2399 militum
956 2322 1068 2415 sacta,
1087 2321 1213 2399 classis
1232 2325 1279 2400 ab
1290 2329 1400 2404 utris·

274 2467 352 2545 que
372 2445 412 2517 in
432 2440 622 2546 praelium
642 2440 855 2517 deducitur.
868 2443 1036 2535 Quarum
1057 2443 1067 2490 ⁴
1092 2442 1400 2537 aciaconstituta,
1480 2477 1482 2480 ⁴

273 2561 494 2664 priusquam
506 2562 669 2662 signum
688 2583 840 2663 pugnae
861 2555 1028 2646 daretur,
1048 2555 1251 2652 Hannibal,
1273 2573 1317 2633 ut
1331 2587 1401 2663 pa·

273 2672 349 2773 lam
362 2677 507 2754 faceret
526 2679 616 2770 suis,
631 2674 816 2779 quo—loco
834 2677 1023 2750 Eumenes
1031 2688 1140 2780 esset,
1159 2672 1400 2752 tabellarium
1472 2773 1476 2781 ι

275 2794 316 2868 in
330 2796 481 2900 ‘scapha
507 2820 592 2873 cum
620 2791 788 2869 caduceo
808 2793 941 2867 mittit:
969 2793 1035 2895 qui
1055 2790 1122 2866 ubi
1137 2792 1183 2867 ad
1204 2820 1317 2872 navos
1335 2793 1402 2870 ad·

274 2914 526 2989 versariorum
554 2912 745 3016 pervenit,
758 2906 954 3013 epistolam
973 2907 1194 3000 ostendens,
1214 2937 1253 2986 se
1271 2937 1399 3015 regem

274 3029 469 3130 professus
486 3045 543 3106 est
560 3054 755 3132 quaerere.
776 3027 910 3102 Statim
930 3023 979 3100 ad
991 3027 1198 3102 Eumenem
1210 3026 1400 3113 deductus

275 3157 342 3235 est,
363 3146 467 3249 quod
492 3170 605 3221 nemo
630 3140 826 3219 dubitabat
843 3140 988 3245 aliquid
1008 3139 1056 3216 de
1074 3168 1169 3245 pace
1195 3169 1274 3221 esse
1308 3145 1405 3220 scri·-

274 3252 664 3365 ptum.‚Tabellarius,
684 3258 790 3336 ducis
816 3287 910 3338 nave
929 3256 1119 3334 declarata
1137 3261 1225 3352 suis,
1252 3259 1399 3361 eodem,

274 3376 379 3454 unde
405 3380 514 3471 ierat,
540 3404 580 3455 se
599 3376 756 3479 recepit.
769 3375 824 3451 at
837 3377 1037 3472 Eumenes,
1063 3370 1185 3450 soluta
1212 3373 1395 3480 epistola,

309 3600 354 3669 (6)
364 3600 436 3653 Dolo
450 3597 687 3670 rraetpagnandum,
698 3601 748 3649 etc.
757 3596 812 3647 Hoc
867 3595 932 3648 Cum
956 3595 1070 3648 caduceo.
1105 3591 1186 3666 Signo
1212 3592 1346 3665 legationis
1370 3595 1401 3650 in

277 3693 456 3737 commentum
474 3682 616 3735 Frontinus
638 3680 693 3746 tv,
716 3683 742 3744 7,
765 3679 812 3745 ⁴⁰5
864 3698 940 3752 prora
957 3681 1030 3736 navis
1043 3679 1133 3733 defixo.
1158 3678 1292 3734 Cadurcus
1314 3679 1398 3734 bacil-

277 3776 303 3821 et
320 3767 430 3822 lustinus
450 3767 563 3836 xxxn,
581 3773 609 3831 4,
627 3764 730 3820 brevius
748 3780 811 3816 nar·
864 3764 919 3819 lurn
933 3773 982 3830 est,
999 3765 1067 3835 quod
1082 3763 1217 3818 hincinde
1235 3763 1400 3835 amplectun-

275 3859 342 3905 rant.
865 3859 908 3903 tor
921 3866 1018 3919 angues
1034 3845 1096 3914 duo,
1108 3848 1211 3901 insertis
1231 3847 1400 3904 transductis·
1460 3884 1466 3905 .

866 3948 917 4001 que
929 3932 1082 3986 decussatim
1092 3930 1119 3984 in
1127 3933 1229 3993 sumana
1236 3929 1322 3986 bacilli
1331 3940 1403 4004 parte

864 4012 1002 4083 capitibus,
1028 4011 1114 4066 caudis
1137 4011 1165 4065 in
1183 4013 1245 4082 ima;
1269 4022 1355 4068 cetero
1372 4015 1403 4068 in

267 4152 270 4156 ,
442 4152 448 4165 ,
512 4151 519 4164 ,
679 4153 685 4164 ‚
707 4151 714 4165 ‚
864 4093 1040 4165 hemicyclum
1066 4095 1133 4148 circo
1157 4096 1271 4149 mediam
1298 4095 1403 4168 virgam

277 4156 325 4201 rat.
336 4149 387 4204 Sed
402 4157 428 4203 et
441 4159 475 4203 tta
489 4151 590 4215 Cicero,
608 4150 640 4204 da
653 4150 744 4207 thb.
754 4149 776 4215 l,
786 4152 812 4215 9,
863 4180 996 4250 utrimque
1014 4178 1180 4234 circumfuso·
1195 4179 1302 4233 melum
1319 4197 1334 4233 a
1356 4197 1405 4237 ω

278 4228 441 4300 improbate
455 4231 654 4290 licelEl'ntsllo.
866 4262 951 4318 dendo
972 4263 1114 4320 caduceum
1137 4261 1238 4330 volunt,
1255 4262 1324 4334 quod
1346 4264 1404 4323 ‘im

312 4345 357 4416 (t)
374 4346 637 4418 Qum-filardum
662 4348 815 4422 cilicet,-
866 4367 918 4425 ope
929 4347 1022 4411 radus
1037 4346 1322 4421 abataticum.

309 3981 352 4050 (7)
378 3978 542 4052 Conficitur.
568 3983 754 4054 Comparasset.
779 4010 812 4023 -

278 4060 394 4117 Teanam
409 4071 478 4120 saur.
502 4068 617 4119 Tantum
633 4064 719 4119 omitti
736 4073 811 4136 pote·
