3352 5572
538 435 863 504 ruautsroccns
1188 405 1250 514 85

61 710 67 724 .
128 640 725 741 lebatun,caerimoniaffioniecit.
738 638 834 717 Inde
851 666 931 720 non
950 640 1069 747 prius·
1077 664 1252 747 egressus

130 777 199 856 est,
227 786 342 864 quam
361 785 431 837 rex
452 786 552 852 eum,
571 756 659 834 data
671 757 844 851 dextera,
860 760 901 834 in
921 757 1033 837 fidam
1049 764 1253 867 reciperets
1307 798 1311 805 ·

130 906 242 981 quam
259 881 458 985 praestitit.
475 880 569 954 Nam
587 906 708 983 quum
729 878 778 955 ab
806 877 1103 976 Atheniensibus
1128 897 1170 958 et
1185 885 1252 960 Le·
1336 930 1339 935 -

129 996 379 1075 cedaemoniis
390 1013 660 1103 exposceretur
671 995 838 1103 publice,
851 995 1060 1101 supplicem
1074 1025 1156 1077 non
1165 1029 1253 1107 pro·

127 1116 250 1209 didit3
270 1119 514 1218 monuitque,
532 1132 577 1191 ut
604 1114 822 1193 consuleret
854 1113 950 1192 sihi:
982 1115 1131 1215 difficile
1146 1123 1252 1200 enim

129 1261 220 1327 esse,
238 1237 279 1310 in
290 1224 375 1310 tam
391 1231 719 1339 propinquo-loco
737 1249 821 1309 tuto
834 1256 923 1310 enm
943 1239 1097 1330 versari.
1114 1239 1251 1344 Itaque

129 1350 299 1456 Pydnam
317 1370 401 1428 eum
424 1351 561 1430 deduci
575 1353 695 1441 iussit,
711 1366 750 1424 et
764 1349 870 1453 quod
889 1353 1092 1429 satiasset
1110 1358 1252 1459 praesi-

113 1468 352 1557 ‚dii⁹dedit.
388 1472 467 1547 Hoc
499 1498 542 1546 re
579 1468 725 1561 audita‘,
756 1468 819 1545 hic
842 1470 883 1544 iu
913 1496 1047 1547 narem
1075 1475 1250 1556 omnihus
1338 1524 1342 1542 ·

128 1590 282 1692 ignotus
308 1591 434 1667 nautis
460 1581 637 1667 ascendit.
666 1594 772 1686 Quae
792 1613 912 1688 quum
937 1595 1160 1693 tempestate
1177 1623 1252 1673 ma-

127 1707 231 1782 xima
258 1708 406 1784 Naxum
437 1705 625 1799 ferretur,
649 1704 716 1781 uhi
748 1721 828 1781 tum
856 1703 1142 1785 Atheniensium
1168 1726 1252 1787 erat

130 1825 335 1916 exercitus3
351 1831 383 1879 ⁴⁰
402 1827 518 1901 sensit
544 1821 842 1914 Themistocles,
868 1824 900 1898 si
932 1849 978 1899 eo
996 1827 1251 1927 pervenisset,

130 1941 296 2019 sihiesse
312 1940 568 2048 pereundum.
583 1945 661 2018 Hac
675 1942 896 2018 necessitate
913 1957 1078 2035 coactus,
1096 1942 1251 2022 domino
1323 1993 1328 2001 -

130 2060 248 2156 navis,
272 2059 356 2161 quis
383 2059 444 2150 sit,
469 2060 603 2164 aperit,
630 2057 749 2134 malta
775 2056 970 2163 pollicens,
995 2062 1028 2134 si
1041 2086 1252 2145 sesconsor·

131 2193 264 2254 vassct.
291 2178 340 2250 At
364 2173 451 2267 ille,
479 2172 672 2251 clarissimi
708 2176 780 2252 viri
809 2190 942 2280 captus
970 2177 1252 2281 misericordia,

132 2293 232 2369 diem
243 2308 470 2401 noctemque
483 2290 621 2400 procul
636 2292 683 2367 ab
696 2290 821 2368 insula
840 2294 881 2369 in
894 2290 975 2370 salo
984 2320 1118 2391 narem
1129 2301 1255 2377 tenuit

132 2411 174 2484 in
192 2410 378 2502 anchoris,
392 2423 420 2464 ¹¹
440 2438 568 2516 neque
586 2435 816 2513 quemquam
836 2433 883 2486 ex
914 2437 958 2487 ea
991 2413 1094 2490 exire
1123 2442 1255 2521 passus

132 2539 199 2603 est.
224 2525 319 2604 Inde
333 2526 526 2632 Ephesum
546 2532 577 2580 ¹²
597 2528 784 2634 pervenit,
811 2526 944 2632 ibique
963 2530 1255 2612 Themistoclem
1292 2616 1301 2635 ,

130 2640 311 2750 exponit:
338 2647 400 2720 cui
419 2642 485 2747 ille
504 2672 577 2751 pro
598 2645 741 2723 meritis
768 2645 926 2748 gratiam
940 2662 1085 2751 postea
1103 2649 1253 2749 rettulit.

180 2762 248 2837 IX.
276 2761 360 2836 Scio
374 2758 577 2866 plerosque
596 2769 605 2814 ⁴
622 2765 679 2836 ‘ita
700 2763 915 2865 scripsisse,
933 2761 1253 2863 Themistoclem,

130 2879 257 2952 Xerxe
275 2896 469 2982 regnante,
489 2880 530 2952 in
543 2878 667 2954 Asiam
686 2880 886 2959 transiisse.
913 2877 988 2954 Sed
1009 2907 1079 2984 ego
1106 2884 1253 2988 potissi·

131 3021 231 3069 mum
250 2993 465 3100 Thucydidi
480 2995 609 3084 credo,
622 2997 726 3099 quod
740 3011 861 3069 aetate
874 2996 1069 3099 proximus
1083 3017 1165 3075 erat
1179 3003 1251 3094 his,

129 3113 197 3215 qui
215 3109 370 3187 illorum
388 3129 600 3218 temporum
612 3113 807 3219 historiam
823 3094 1077 3215 deliquerunt,
1096 3131 1135 3193 et
1155 3122 1252 3195 eius·

1213 3229 1227 3258 0

163 3295 206 3365 (9)
223 3293 363 3348 Praecidit.
384 3294 566 3357 Armatorom,
583 3312 664 3366 pecu-
716 3295 817 3366 Nempe
832 3294 931 3366 ingenti
941 3284 1051 3367 pecunia
1064 3314 1123 3352 eum
1138 3299 1252 3366 donavit,

130 3381 239 3452 alaeque
264 3379 422 3451 praesidium
448 3379 529 3434 dedit.
555 3380 663 3434 Diodor.
717 3389 746 3432 ut
760 3378 1131 3451 Thucyd.etl'lut.ret'erunt.

128 3464 201 3528 ibit,
219 3461 317 3536 ἑφόδιον
335 3471 382 3528 τῆς
395 3471 489 3537 φυγῆς.
745 3465 791 3531 (t)
816 3463 959 3534 Plerosque.
981 3464 1253 3541 Ephorum—seilicet,

163 3553 223 3620 (to)
250 3548 303 3604 Vtt
327 3561 378 3602 tam
398 3549 586 3603 Atloeraiemiwn
611 3561 665 3602 erae
715 3547 862 3610 Diocaem,
879 3547 1059 3613 Clitarehum,
1072 3547 1256 3619 Heraclidem,

129 3637 259 3689 emon.
275 3632 379 3686 Naxum
393 3632 618 3703 oppugnantium,
634 3640 665 3686 ut
714 3630 829 3702 aliosque
847 3631 993 3704 complures
1013 3630 1150 3686 Plutarcho
1166 3632 1254 3693 lauda-

128 3721 202 3773 aiunt
217 3715 338 3790 Thucyd.
352 3719 374 3780 Ι,
390 3720 448 3785 ¹3⁷3
462 3714 624 3782 Plutarchus,
637 3723 665 3769 et
717 3725 767 3771 tce.
774 3714 849 3768 Adde
873 3714 1018 3769 Diodorum
1038 3713 1172 3787 Siculum,
1193 3716 1213 3775 l.
1229 3734 1254 3775 α

128 3801 285 3874 Polyaenus.
715 3798 947 3871 Themistoclieque
975 3817 1017 3871 ep.
1037 3803 1076 3854 49.
1100 3829 1133 3887 ⁸.
1160 3803 1253 3859 Aetate

162 3886 224 3957 (tt)
239 3886 276 3940 Ia
291 3887 348 3941 sele
363 3904 451 3940 naum
475 3890 553 3939 uano
569 3887 595 3937 ia
614 3905 660 3938 aa·
712 3886 841 3955 prasiane
861 3896 922 3937 erat
947 3883 1077 3957 Omnium
1102 3894 1251 3955 auetomm,

129 3973 221 4028 chorte.
238 3972 365 4027 Ancharia
378 3972 459 4038 iactis,
471 3970 553 4026 donee
566 3980 663 4042 tempe·
716 3970 760 4041 qui
772 3966 878 4022 illorum
892 3978 1040 4041 temporum
1057 3969 1191 4031 historiam
1203 3993 1252 4030 re·

128 4066 189 4112 atae·
205 4055 410 4126 defervesceret,
429 4074 524 4112 navem
543 4058 571 4110 in
598 4054 665 4109 mari
716 4053 859 4124 liquerunt,
868 4054 1035 4129 Thucydides
1047 4058 1179 4130 proximan
1186 4069 1251 4118 erate

128 4144 233 4200 turbido
245 4145 338 4202 tenuit.
715 4160 810 4214 nempe
826 4141 994 4215 qoedriennie
1013 4151 1072 4201 ante
1089 4143 1240 4204 Themisto·

162 4234 186 4302 (t
192 4236 222 4303 2)
241 4232 377 4305 Epheaam.
390 4230 468 4287 Diod.
481 4228 568 4284 multo
581 4228 665 4298 aliter,
716 4229 763 4288 elie
779 4228 888 4288 exilium
902 4222 990 4287 nattte.⁴

129 4318 187 4386 xt,
208 4323 298 4375 56.-·
319 4317 437 4375 &alato
458 4330 547 4392 postea
570 4317 662 4372 ntulh.
