3352 5572
450 453 547 553 252
916 480 1134 547 esurum.

497 688 596 765 VIII.
615 687 692 766 Hic
705 686 747 764 in
765 687 978 765 Paraetacis
991 712 1078 762 cum
1094 683 1571 792 Antigonoeonflixitnon

448 806 527 881 acie
553 808 749 896 instructa,
770 812 780 856 ⁴
800 804 864 881 sed
895 805 936 879 in
961 805 1117 894 itinerc3
1147 830 1312 910 eumque
1330 806 1430 883 male
1458 835 1572 888 acce·

447 939 553 1026 ptum
571 926 613 999 in
630 922 793 999 Mediam
821 922 1027 997 hiematum
1047 923 1170 1023 coegit
1188 920 1326 1001 redire.
1347 924 1432 1029 Ipse
1449 927 1491 1000 in
1515 924 1566 1001 fi·

448 1041 578 1116 nitima
596 1043 750 1144 regione
769 1038 934 1115 Persidis
961 1039 1162 1113 hiematum
1183 1040 1309 1142 cupias
1328 1037 1467 1137 divisit,
1485 1068 1572 1121 non

449 1174 493 1232 ut
509 1158 643 1249 voluit,
671 1157 738 1234 sed
763 1172 805 1232 ut
823 1156 984 1233 militum
1010 1153 1169 1258 cogebat
1188 1154 1375 1234 voluntas.
1397 1161 1572 1262 Namque

447 1272 514 1348 illa
532 1273 699 1378 phalanx
717 1271 923 1349 Alexandri
937 1274 1077 1375 Magni,
1088 1298 1186 1375 quae
1205 1275 1328 1349 Asiam
1337 1294 1574 1379 peragrarat,

449 1390 717 1494 deviceratque
742 1393 894 1481 Persas,
921 1391 1129 1483 inveterata
1155 1416 1275 1492 quum
1307 1388 1452 1493 gloria,
1485 1406 1574 1470 tum

449 1510 559 1584 etiam
576 1507 742 1598 licentia,
768 1533 847 1583 non
868 1533 1000 1610 parere
1020 1533 1058 1582 se
1085 1505 1265 1599 ducibus,
1285 1507 1351 1582 sed
1380 1510 1573 1614 imperare

448 1626 682 1731 postulabat:
703 1640 745 1699 ut
763 1650 867 1698 nunc
887 1626 1056 1700 veterani
1074 1621 1221 1699 faciunt
1239 1627 1253 1676 ²
1273 1626 1406 1699 nostri.
1435 1627 1574 1730 Itaque
1645 1696 1655 1719 ,

449 1741 664 1844 periculum
683 1759 750 1832 est,
769 1768 819 1816 ne
840 1740 994 1832 faciant,
1013 1739 1117 1846 quod
1136 1732 1191 1815 illi
1213 1741 1406 1840 fecerunt,
1425 1771 1493 1819 sua
1510 1746 1575 1820 in·

450 1861 696 1967 temperantia
712 1863 901 1965 nimiaque
919 1860 1071 1935 licentia
1092 1875 1135 1934 ut
1153 1862 1279 1935 omnia
1297 1860 1480 1964 perdant;
1500 1888 1574 1939 ne-

449 2004 525 2080 que
546 1982 670 2053 minus
687 2004 771 2071 eos,
790 2005 875 2054 cum
894 1977 1032 2079 quibus
1055 1978 1243 2067 steterint,
1263 1983 1278 2030 ³
1297 2005 1412 2081 quem
1437 1974 1576 2056 adver·

450 2120 513 2171 sus
535 2121 630 2198 quos
651 2093 822 2170 fecerint.
841 2096 952 2190 Quod
973 2095 1002 2169 si
1031 2094 1114 2196 quis
1129 2091 1283 2169 illorum
1303 2098 1576 2174 veteranorum

448 2211 552 2316 legat
568 2211 681 2303 facta,
700 2215 805 2316 paria
823 2213 958 2288 horum
975 2226 1178 2312 cognoscat
1188 2240 1198 2302 ;
1217 2236 1340 2312 neque
1358 2238 1437 2287 rem
1452 2210 1577 2291 ullam

449 2331 521 2404 nisi
539 2345 700 2432 tempus,
720 2331 931 2408 interesse4
949 2326 1104 2404 iudicet.
1130 2325 1206 2402 Sed
1225 2325 1273 2401 ad
1285 2325 1371 2403 illos
1389 2347 1577 2411 revertar.

447 2444 614 2523 Hiberna
631 2463 867 2550 sumpserant
882 2450 897 2499 ⁵
916 2473 996 2524 non
1014 2443 1063 2520 ad
1074 2470 1184 2521 usum
1200 2442 1307 2539 belli,
1319 2442 1385 2520 sed
1404 2442 1453 2520 ad
1471 2448 1578 2554 ipsa·

450 2689 481 2704 -
500 2661 589 2734 qum
610 2681 696 2716 emises
719 2665 829 2734 quotidie
844 2669 984 2720 convenite.
1035 2660 1122 2733 plures
1136 2678 1215 2734 qnam
1228 2663 1288 2716 400.
1303 2659 1355 2717 Sed
1368 2661 1458 2718 conset
1471 2664 1580 2721 niodo«

448 2747 516 2801 Nam
527 2747 730 2819 dedignabantur
738 2750 770 2802 sd
780 2770 852 2816 eum,
861 2760 984 2823 unquam
1035 2763 1106 2799 rum·

450 2833 613 2897 inferiorem,
628 2834 748 2888 accedere
759 2856 766 2905 ς
779 2847 805 2891 et
821 2839 874 2906 ipse
888 2840 983 2891 Eume·
1069 2832 1112 2900 (2)
1127 2829 1159 2886 V
1156 2841 1167 2882 l
1178 2848 1242 2883 mute
1252 2835 1364 2884 vaesani
1371 2830 1473 2904 faciam
1486 2838 1579 2893 nostri.

449 2934 496 2970 nes
514 2915 679 2969 erubescebat
700 2926 760 2969 ante
781 2920 896 2988 ipsorum
917 2921 984 2973 fores
1035 2916 1082 2969 Hic
1100 2924 1280 2970 veteranorum
1303 2917 1393 2969 aetatis
1413 2936 1476 2971 snae
1500 2919 1574 2974 lem·

448 2999 571 3067 conspici.
586 2995 653 3052 Plut.
672 3000 769 3053 Bosrvs.
785 3030 817 3042 -
838 3003 942 3056 Minore
958 3023 984 3056 se
1036 3000 1101 3052 ciam
1115 3008 1141 3052 et
1154 2998 1319 3054 insolentiam
1334 3000 1426 3073 carpit,
1444 3002 1475 3056 in
1493 3020 1578 3073 quem

448 3084 546 3137 invidia
560 3085 634 3151 sore
663 3082 761 3154 Supple
783 3088 818 3139 in.
841 3088 875 3139 Se
899 3088 987 3141 minus
1038 3085 1131 3141 acriter
1148 3087 1224 3137 etiam
1239 3085 1372 3139 invehitur
1394 3088 1487 3140 Cicero
1507 3087 1577 3143 Phi-

449 3186 521 3238 posse
538 3166 596 3236 peti
609 3166 715 3220 invidia.
1038 3169 1101 3238 Ilpp.
1115 3169 1147 3231 ll,
1161 3185 1216 3237 esp.
1230 3174 1255 3234 5,
1267 3169 1408 3243 multisque
1424 3169 1483 3226 eliis
1498 3170 1576 3227 locis.

484 3257 525 3321 (t)
542 3251 605 3307 Non
622 3256 675 3306 acic
691 3257 817 3307 insensata.
843 3256 986 3310 Aciesiter
1037 3255 1129 3306 Occiso
1141 3254 1237 3324 quippe
1249 3255 1367 3321 Caesare,
1377 3254 1486 3311 liberius
1495 3274 1577 3329 agere

450 3342 576 3393 conticere
598 3358 651 3392 non
671 3349 772 3410 potest,
790 3341 834 3394 sed
848 3344 943 3413 agmen
960 3353 987 3396 et
1037 3346 1064 3389 ei
1079 3338 1187 3405 grassari
1204 3318 1319 3393 veleItni
1335 3349 1484 3410 coeperunt.

454 3425 539 3480 itineri
554 3435 579 3478 et
592 3424 688 3496 praelio
702 3436 827 3496 paratum.
845 3429 944 3496 Quare,
957 3439 986 3484 ut
1070 3422 1114 3488 (3)
1130 3419 1220 3491 Νθφθ
1237 3427 1319 3475 ΜΨ
1335 3442 1391 3490 ⁰⁰³2
1414 3443 1471 3478 Μ
1487 3425 1577 3496 ΨΜ

331 3504 335 3509 ’
451 3509 490 3561 rei
502 3506 609 3563 bellicae
623 3509 756 3562 scientiam
771 3514 799 3562 in
812 3512 928 3564 Eumene
941 3512 986 3565 de·
1037 3507 1148 3557 “mrim
1150 3540 1193 3558 ·····
1207 3503 1294 3558 scilic·
1310 3505 1456 3577 periculum
1469 3516 1575 3572 “hue

452 3603 577 3649 monstret
590 3594 684 3665 Nepos,
697 3594 731 3646 its
744 3595 848 3666 agmine
860 3597 986 3651 instructo
1036 3586 1114 3641 ⁸11⁰!ss
1127 3587 1313 3659 ¹¹⁰³‚q110r11'm
1326 3591 1441 3660 patlibus
1454 3592 1575 3661 inediti,

452 3675 503 3731 iter
522 3677 614 3731 fecisse
638 3677 689 3742 sit,
716 3686 746 3731 ut
774 3678 908 3732 victoriam
933 3688 986 3733 tam
1037 3681 1065 3724 et
1077 3672 1290 3739 ilios,sdversus
1302 3694 1368 3750 quos
1380 3678 1574 3750 pugnaverint,

450 3758 609 3814 luculentam
623 3758 755 3825 retulerit,
770 3779 824 3814 non
838 3779 908 3815 secus
920 3781 949 3815 ac
961 3765 984 3817 si
1036 3757 1167 3828 perditum
1181 3768 1249 3813 eant.

449 3865 550 3901 summa
574 3846 698 3900 industria
722 3856 747 3901 et
771 3857 825 3902 arte
847 3849 875 3901 in
898 3866 987 3920 campo
1072 3845 1115 3910 (l)
1130 3843 1258 3897 Interesse·
1274 3844 1455 3901 Differenfism
1467 3846 1572 3902 hebere.

452 3935 505 3987 acie
527 3932 680 3986 dimicasset.
706 3933 835 3988 Gemens.
854 3966 888 3976 -
912 3936 987 3990 Male
1070 3925 1304 3998 (5)Swn1neram·
1328 3933 1381 3984 Cur
1396 3931 1445 3986 hoe
1464 3931 1573 4000 potissi-

449 4030 583 4087 acaepsum.
606 4015 685 4071 Clade
711 4018 840 4072 affectum.
864 4018 919 4072 Cic.
944 4038 987 4092 ep.
1038 4031 1112 4066 mum
1142 4015 1252 4068 verbum
1278 4015 1441 4087 uturpflverst
1466 4025 1570 4077 wlff»

451 4100 570 4163 famili,
583 4108 613 4156 {3
624 4122 631 4153 ε
653 4120 664 4151 ιι
674 4101 786 4171 copiolae
809 4120 882 4158 meae
899 4103 987 4176 inopis
1038 4108 1128 4153 notant
1140 4099 1287 4173 sequentias
1304 4118 1355 4152 nen
1366 4102 1403 4154 ad
1413 4118 1482 4153 naam
1490 4097 1571 4164 tettt,

450 4181 570 4237 omnium
591 4202 680 4236 rerum
697 4186 808 4257 pessime
834 4198 987 4259 acceptares:
1037 4187 1082 4238 sed
1094 4186 1129 4238 ad
1147 4192 1255 4259 ipsorum
1270 4187 1404 4243 umam
1421 4182 1573 4241 Libidinem

450 4265 582 4322 Amiserst
609 4267 681 4321 enim
712 4271 856 4341 Antigonus
884 4271 986 4343 pedites
1037 4271 1295 4344 igituretlicentism
1305 4272 1499 4345 respiciamus
1509 4291 1575 4359 cpu-

450 4354 539 4422 satos
556 4351 657 4426 equites
680 4356 750 4423 ⁵⁴⁰s
765 4355 898 4416 numu
913 4364 987 4415 esst
1025 4366 1092 4418 aa:
1110 4357 1166 4423 Ka·
1180 4357 1377 4420 uam«.
