3352 5572
319 402 415 507 ‚440
680 416 882 481 conuerrr
916 416 1103 480 rrrrorrs.

317 620 394 675 docos
408 618 506 691 aliquot
517 618 586 674 locos
597 622 717 690 excipias,
729 620 758 674 in
769 636 801 672 eo
814 617 927 673 inveniri
943 636 1015 689 posse
1028 627 1100 689 puto,
1111 636 1177 689 quae
1190 619 1314 676 lectorem
1332 623 1381 679 uel
1396 623 1455 679 mi·

316 701 389 756 nime
403 711 530 771 moretur;
546 702 575 755 in
591 699 714 756 omnibus
723 718 817 773 magna
834 709 873 753 est
884 699 1050 772 monstrnt
1063 700 1134 753 ilitio
1151 702 1248 754 mariun
1260 703 1351 757 iudicii
1363 720 1452 759 reve·

318 785 411 848 rentia;
425 782 453 835 in
467 781 588 836 omnibus
606 785 733 854 exquisite
746 781 891 854 elegentia,
911 780 1028 834 mirande
1041 782 1181 851 proprietas
1196 783 1347 849 rethorum,
1363 784 1450 840 abso-

318 862 445 919 lutissima
459 865 609 934 praesertim
622 863 743 918 brevitas.
760 868 790 917 lu
810 863 857 916 hec
877 880 972 932 nempe
989 860 1143 916 Sallustium
1157 874 1184 920 et
1205 863 1396 935 Thucydidem
1414 867 1453 921 sd

318 943 475 999 imitandum
487 944 537 1000 sihi
551 947 709 1017 proposuisse
721 946 832 1013 ridetur,
845 946 880 999 ita
897 955 925 999 ut
939 944 1007 997 hunc
1023 963 1077 997 nou
1091 944 1238 1001 aemuletur
1251 945 1331 1000 modo
1343 949 1374 1002 in
1384 947 1452 1018 plu·

318 1026 402 1093 rimis,
417 1026 463 1080 sed
477 1028 579 1096 saepius
591 1028 671 1082 etism
688 1028 720 1081 ad
739 1028 849 1083 verbum
864 1025 1009 1090 transferat,
1034 1025 1105 1095 quod
1125 1026 1268 1082 Parasaniue
1285 1036 1311 1081 et
1330 1028 1454 1084 Themi-

319 1111 404 1164 stoclis
416 1109 498 1164 sitem
516 1108 613 1181 legenti
631 1109 738 1180 planum
750 1110 809 1163 erit.
1408 1100 1413 1109 ⁵

351 1190 403 1246 Sed
416 1194 541 1264 quonism
552 1190 760 1246 Themistocleoe
776 1188 901 1262 epistolae
918 1189 1161 1262 interpretrtionem
1180 1189 1332 1264 significavi,
1353 1191 1455 1247 obiter

319 1273 362 1328 hie
379 1283 472 1329 notare
484 1272 569 1337 liceat,
582 1272 609 1326 id
627 1292 658 1327 es
671 1291 700 1326 ee
713 1292 785 1343 posse
798 1271 895 1344 colligi,
918 1272 1011 1342 Nepoti
1027 1271 1124 1326 scilieet
1143 1273 1269 1326 Graecum
1287 1288 1456 1329 sermonem

319 1373 374 1410 non
389 1358 492 1426 penitus
506 1355 583 1409 inisse
594 1366 768 1428 perspectum.
786 1356 853 1407 Hsec
871 1353 943 1406 enirn
969 1353 1047 1421 verba
1062 1354 1142 1407 Xerxi
1157 1351 1360 1407 Themistoclem
1374 1358 1455 1410 scri·

319 1437 398 1506 psisse
411 1445 497 1489 nouat
509 1434 677 1507 Thucydides
688 1440 712 1501 1,
727 1441 785 1490 ⁴37.-
798 1435 907 1510 lln'prrpu
918 1433 1071 1506 διωκὸμινος
1082 1434 1127 1489 riri
1138 1439 1186 1488 sris
1199 1433 1315 1492 Ελλήνων
1331 1431 1380 1488 διὰ
1391 1438 1453 1495 τὴν

319 1517 414 1588 φιλίαν,
428 1535 493 1588 quae
510 1517 617 1588 quidem
629 1518 666 1570 its
679 1517 809 1571 convertit
821 1516 908 1587 Nepos
927 1517 955 1568 io
968 1515 1160 1570 Themistlxs
1176 1514 1253 1570 Nune
1264 1529 1349 1570 cutem
1367 1518 1409 1569 ad
1422 1531 1453 1573 te

319 1599 435 1668 confligi,
448 1602 591 1668 exagitatus
604 1618 621 1650 a
636 1610 725 1652 ennete
737 1597 855 1658 Graecia.
871 1610 938 1649 tuom
949 1609 1035 1668 petens
1045 1599 1191 1651 οινιίοίιίανι.
1203 1598 1275 1650 Hane
1289 1614 1385 1651 vocem
1398 1595 1454 1654 διὰ

319 1679 367 1736 τήν
381 1680 466 1750 φιλίαν
481 1678 653 1752 intelligimus
669 1699 740 1734 nnnc
753 1693 858 1752 propter
870 1693 940 1732 tuum
958 1683 1106 1744 amicitiem,
1116 1697 1170 1732 non
1187 1691 1256 1733 tuom
1271 1692 1360 1750 peteras
1371 1685 1453 1734 anei·

320 1763 419 1816 citiam.
433 1763 487 1816 Nec
501 1762 570 1817 dicat
582 1761 677 1835 aliquis
690 1765 820 1834 Nepotem
834 1760 999 1833 Thucydidis
1018 1762 1124 1832 quidem
1145 1781 1250 1816 sensum
1263 1762 1384 1830 tenuisse,
1401 1762 1454 1819 sed

319 1841 399 1894 verbe
411 1845 465 1913 ipsa
479 1843 618 1897 transferre
631 1862 684 1898 non
700 1842 818 1913 voluisse,
832 1845 951 1915 quitum
967 1842 1071 1913 gravius
1088 1845 1250 1912 peccavisset.
1262 1844 1387 1914 Namque
1400 1843 1454 1898 ubi

321 1919 511 1976 Themistocles
523 1941 552 1976 se
562 1922 594 1976 ad
606 1926 705 1994 Regem
715 1924 855 1996 confugere
867 1928 1011 1993 profitetur,
1023 1921 1101 1976 rerba
1114 1921 1186 1986 haec,
1196 1935 1264 1975 nsum
1276 1934 1366 1991 peteres
1379 1927 1453 1977 arras'·

321 2005 417 2067 citiam,
429 2004 505 2076 plene
516 2003 888 2077 superfluunt.8igoificsntior
899 2021 989 2057 sensus
1001 2013 1027 2057 et
1044 2001 1075 2055 ad
1094 2003 1281 2073 impetrandam
1294 2003 1373 2074 Regis
1384 2021 1452 2076 gre·

322 2084 388 2137 tiam
405 2086 542 2152 ellicncior,
559 2086 580 2140 si
597 2087 704 2159 supplex
720 2088 845 2152 innuerit,
859 2105 887 2139 se
903 2092 1008 2156 propter
1023 2084 1104 2155 ipsam
1117 2083 1183 2138 hsnc
1198 2085 1310 2156 gratiam
1322 2084 1356 2139 ab
1368 2085 1451 2141 ornrri

322 2169 433 2221 Graecis
449 2167 528 2221 fuisse
542 2169 705 2240 exagitatum.
723 2169 821 2221 Censeo
837 2185 898 2238 ergo
912 2164 958 2222 deit
970 2167 1015 2226 rin
1029 2167 1077 2224 σὴν
1090 2165 1175 2237 φιλίαν
1190 2165 1258 2237 quod
1272 2165 1453 2239 Thucydides

322 2244 355 2299 ad
371 2243 525 2319 διωκόμενος
537 2249 635 2314 retulit,
651 2249 777 2319 Nepotem
790 2247 821 2302 sd
839 2247 945 2322 πάρειμι
962 2245 1090 2309 retulisse,

357 2330 392 2382 At
405 2328 427 2382 si
440 2348 472 2382 es
488 2348 539 2384 una
555 2331 683 2385 sententie
699 2333 847 2385 Romanum
865 2327 1016 2383 historicum
1037 2328 1138 2381 Graeco
1152 2344 1272 2381 sermone
1293 2345 1348 2380 non
1365 2326 1454 2384 ferni-

324 2410 463 2466 linrissime
480 2431 556 2466 usum
573 2412 638 2467 mihi
651 2415 680 2466 in
693 2411 866 2483 suspicionem
884 2411 966 2476 venit,
983 2428 1012 2462 ex
1029 2407 1114 2464 multo
1125 2407 1241 2481 pluribus
1251 2409 1383 2464 Graecum
1395 2411 1453 2467 tin·

323 2512 388 2564 guae
401 2495 507 2549 Latinae
530 2512 584 2550 non
598 2495 676 2549 fuisse
690 2495 873 2565 peritissimum
888 2493 983 2547 coniici
1008 2501 1110 2564 potest,
1126 2510 1212 2564 neque
1229 2495 1283 2564 lpse
1300 2495 1453 2551 inliciatu‘r.

322 2574 389 2628 Nam
402 2573 466 2627 dum
484 2578 591 2640 Romee,
608 2584 635 2629 et
657 2577 684 2629 in
704 2574 797 2628 ceteris
810 2573 900 2628 ltaliae
923 2570 1030 2625 urbibus
1046 2580 1259 2637 commoreretur,
1276 2583 1304 2625 ut
1321 2573 1381 2644 ipse
1398 2593 1455 2631 nos

323 2655 350 2707 in
368 2657 419 2709 vita
435 2656 611 2711 Demosthenis
628 2656 704 2711 docet
713 2693 723 2720 ,
740 2656 829 2709 munia
845 2672 911 2728 quae
932 2653 998 2706 obiit
1014 2661 1040 2707 et
1056 2652 1244 2724 philosophicae
1258 2653 1457 2724 disputationes

308 2804 310 2808 ι
322 2734 514 2804 impedimento
531 2739 618 2802 suere,
634 2757 667 2791 oe
684 2740 804 2790 Latinam
821 2736 938 2808 linguam
951 2735 1091 2806 diligenter
1103 2737 1453 2807 perciperet31iomarrorum

323 2833 386 2869 vero
403 2816 493 2882 libros,
510 2839 594 2890 quum
612 2823 664 2873 iam
682 2820 769 2872 senior
781 2827 858 2882 essct,
876 2817 960 2889 legere
974 2820 1066 2888 coepit,
1079 2838 1127 2872 nec
1144 2829 1198 2872 ttm
1214 2817 1298 2873 verbis
1311 2819 1377 2873 sset·
1400 2821 1454 2877 di·

322 2893 393 2965 dicit,
410 2917 487 2966 quam
501 2899 579 2952 verbs
596 2901 677 2954 factis.
692 2899 759 2953 Huic
771 2898 888 2954 inscitiae
902 2898 1010 2970 quidam
1033 2916 1135 2954 errores
1152 2904 1180 2955 in
1193 2899 1328 2955 Plutarcho
1342 2899 1453 2959 edscri·

321 2974 400 3028 beudi
411 2987 482 3044 suot,
499 2987 525 3031 et
537 2978 564 3031 id
578 2979 606 3031 in
624 2980 733 3048 primis,
750 2978 818 3049 quod
841 2979 949 3044 omnia,
972 2998 1037 3048 quae
1058 2979 1090 3033 de
1107 2983 1230 3035 Romanis
1246 2982 1452 3052 imperatoribrts

321 3068 469 3123 memoret,
494 3078 548 3113 uon
565 3058 696 3129 §cittene
714 3060 745 3113 iis
761 3058 949 3134 intelligantur,
967 3062 1012 3132 qui
1034 3062 1125 3116 Latina
1151 3064 1246 3134 scripte
1262 3081 1315 3117 nou
1338 3074 1454 3121 norunt.

322 3146 394 3216 Quin
409 3140 480 3194 idem
494 3139 527 3193 dc
542 3139 649 3195 Graecis
660 3141 739 3194 etiam
757 3140 865 3196 ducibus
879 3146 962 3198 ausim
978 3142 1081 3209 dicere,
1103 3146 1129 3198 in
1147 3163 1258 3216 quorum
1274 3142 1343 3200 viris
1363 3145 1453 3202 multa

322 3243 415 3282 monce
428 3234 454 3277 et
467 3222 575 3277 obscura
588 3222 705 3276 invenire
717 3231 765 3287 est,
777 3225 827 3277 nisi
837 3223 908 3294 prius
921 3227 1042 3296 antiquos
1056 3235 1181 3291 auctores,
1196 3237 1223 3281 et
1236 3246 1279 3281 eos
1292 3227 1338 3300 qui
1350 3227 1452 3284 eadem

323 3326 400 3380 quam
417 3304 567 3362 Plutarchus
583 3313 774 3368 tractaverunt,
791 3302 958 3360 lectitaveris.
979 3306 1064 3362 Multo
1080 3311 1109 3362 in
1127 3309 1253 3381 Agesilao
1275 3310 1333 3363 sine
1351 3309 1453 3366 Xeno-

322 3390 429 3462 phonte,
439 3389 467 3442 in
479 3387 591 3453 (simone,
603 3385 714 3453 Pericle,
727 3383 807 3441 Nicia
817 3387 873 3442 sine
886 3388 1045 3460 Thucydide
1056 3409 1110 3444 non
1118 3390 1255 3463 intelliges.
1269 3392 1352 3461 Saepe
1364 3391 1454 3448 etiam

322 3475 437 3528 erratio
454 3471 530 3525 rebus
547 3463 692 3524 notissimis.
712 3471 821 3539 uQuum
838 3466 998 3537 Alexander,
1014 3473 1111 3544 inquit,-
1129 3492 1198 3527 raros
1214 3471 1337 3543 quosdsm
1352 3483 1381 3527 et
1395 3475 1453 3532 de.

322 3555 409 3609 licatos
427 3551 562 3625 pisciculos
577 3551 759 3623 Hephaestioni
775 3551 893 3605 misisset.-
907 3552 978 3624 Ego,
991 3552 1075 3624 inquit
1088 3552 1250 3608 Anaxarchus
1262 3550 1455 3626 philosophus,

322 3647 479 3702 sovaporum
496 3634 580 3702 cupita
592 3633 757 3685 maluissem·
775 3632 828 3700 Qui
840 3650 930 3687 sensus
947 3632 987 3687 his
1004 3636 1089 3690 verbis
1105 3635 1134 3687 in
1152 3633 1220 3686 hunc
1232 3629 1337 3684 modum
1357 3649 1453 3705 expo.

321 3713 378 3768 sitis
390 3714 495 3766 subesse
512 3713 601 3785 possit,
614 3732 704 3776 nemo,
717 3723 747 3766 ut
760 3712 882 3779 arbitror,
896 3716 1073 3785 suspicabitur.
1090 3713 1142 3767 Nee
1159 3710 1281 3766 lucidiora
1298 3709 1362 3764 lecit
1375 3715 1453 3772 Plu.

321 3793 434 3860 tarchus,
447 3814 528 3867 quum
546 3795 611 3848 benc
624 3793 724 3849 addidit
736 3796 899 3849 sententiaro:
914 3791 976 3852 Oios
991 3795 1175 3860 ίξιντιλίῐοντοι
1188 3791 1232 3844 καί
1252 3798 1452 3866 νοιτιιφωνινὸ.

320 3874 464 3947 pernoscetis
477 3876 510 3929 τὰ
525 3875 679 3947 reptilem
690 3876 811 3947 μεγάλοις
824 3877 910 3938 πίνοις
925 3877 969 3930 sei
989 3871 1113 3934 κινδύνοις
1123 3870 1272 3937 διώκοντας,
1285 3871 1319 3934 sir
1332 3872 1408 3930 otidis
1425 3879 1445 3939 ἦ

320 3957 411 4032 μικρὸν
423 3957 449 4012 is
461 3954 566 4024 ἡδοναῖς
581 3956 625 4012 καί
637 3952 793 4012 ἀπολαύοιοι
810 3957 885 4012 ridor
898 3953 1015 4028 ἔχοντας.
1033 3952 1062 4005 ld
1083 3962 1185 4006 tentum
1201 3957 1334 4016 novimus,
1351 3957 1448 4027 iprum

322 4040 453 4095 Plutnon
471 4039 627 4111 percepisse,
645 4040 710 4110 quid
728 4040 777 4094 sibi
800 4038 899 4093 vellent
915 4037 976 4090 haec
996 4032 1141 4088 Anaxarchi
1161 4035 1244 4089 verba.
1260 4037 1349 4106 Quum
1366 4041 1449 4097 enine

323 4121 471 4175 Anaxarcho
487 4122 585 4178 invisus
595 4131 661 4179 esset
677 4123 830 4188 Nicocreon,
847 4117 929 4193 Cypri
953 4125 1073 4188 satrapes,
1087 4123 1141 4172 eto
1158 4116 1311 4193 philosopho
1324 4117 1446 4201 Alexany
