3352 5572
718 111 940 225 10}thth
967 165 970 169 .
1292 116 1392 223 '¹¹7

269 324 402 434 gratia,
417 318 607 431 proferre,
623 343 687 422 ne,
704 317 754 398 de
770 314 905 397 eodem
917 316 1030 426 plura
1042 313 1316 424 enumerando,
1329 322 1395 404 de·

267 446 470 548 fatigemus
483 439 658 519 lectores.
677 440 813 533 Victor
830 463 879 513 ex
889 437 975 515 Asia
989 462 1110 543 quum
1123 457 1397 535 reverteretur,

268 564 514 664 Thasumque
545 558 790 648 devertisset,
819 553 927 660 quod
956 582 1002 631 en
1031 557 1163 636 civitas
1190 559 1397 666 praecipua

266 680 341 758 fide
359 677 489 756 fuerat
506 704 595 783 erga
611 676 881 766 Athenienses,
900 672 1064 779 proinde
1082 702 1127 751 ac
1152 676 1183 753 si
1199 676 1319 768 iidem
1333 675 1397 755 fir·

267 797 419 875 missimi
447 792 615 873 solerent
642 819 723 870 esse
748 789 881 887 amici,
902 792 971 894 qui
996 805 1212 870 constantes
1238 792 1399 873 fuissent

267 913 423 1003 inimici,
441 911 457 960 ²
476 937 557 986 eam
575 924 793 1013 pervertere
811 908 1038 1010 concupivit.
1054 906 1159 986 Vidit
1172 910 1398 1003 autem-uisi

266 1035 308 1109 in
326 1055 373 1106 eo
387 1026 614 1127 occultasset
629 1025 878 1116 voluntatem,
889 1022 1077 1118 futurum,
1097 1043 1141 1104 ut
1157 1026 1286 1105 Thasii
1303 1024 1398 1107 dila·

268 1149 467 1240 iterentur,
484 1153 499 1200 ³
519 1142 840 1246 consulerentque
858 1143 972 1219 rebus
991 1145 1077 1219 suis.
1095 1145 1259 1251 Itaque..
1270 1204 1281 1225 .
1292 1157 1364 1225 ..⁴
1386 1178 1394 1189 ·
1475 1210 1478 1217 ,

318 1267 382 1341 ΙΠ.
400 1263 697 1343 Decemviralem
718 1289 822 1340 suam
840 1270 1068 1366 potestatem
1087 1264 1147 1339 sui
1164 1263 1213 1339 ab
1226 1260 1293 1359 iilo
1309 1291 1399 1345 con·

177 1452 181 1458 .
269 1383 439 1499 stitutpm
456 1379 706 1462 sustulerunt.
719 1383 805 1476 Quo
818 1375 954 1457 dolore
973 1381 1162 1474 incensus,
1178 1389 1188 1434 ⁴
1210 1382 1296 1459 iniit
1306 1374 1400 1462 con·

269 1616 340 1692 quud
353 1616 439 1672 dicere
453 1616 564 1683 solebat,
576 1616 622 1671 uhi
636 1615 740 1671 leonina
753 1614 807 1687 pei·
860 1612 955 1666 timere
967 1624 1197 1689 quemquam‚'aut
1207 1614 1306 1682 latere,
1319 1614 1400 1688 siqrrl·
1508 1666 1511 1673 ,

271 1704 304 1759 iis
320 1720 373 1757 nou
385 1706 534 1775 proiceret,
548 1699 683 1771 vulpinam
700 1718 756 1754 ease
768 1717 808 1753 as·
860 1696 922 1751 dem
938 1696 1050 1764 haecce,
1063 1708 1128 1753 teste
1144 1699 1200 1754 Deo
1217 1701 1335 1772 ipsorum
1348 1699 1404 1772 pm*

270 1787 443 1855 sumendam
470 1784 551 1848 item,
579 1802 673 1856 pueros
697 1781 807 1847 taxillis,
858 1784 920 1848 trio,
934 1792 961 1837 et
982 1782 1012 1837 in
1032 1783 1151 1839 Herculis
1167 1785 1236 1840 atavi
1257 1784 1298 1839 sui
1314 1783 1399 1851 urhe,

271 1873 394 1926 homines
403 1878 490 1923 autem
500 1865 808 1922 iureiurandoi'alleudos.
857 1868 1117 1942 pmiiteretur.Taiia
1125 1879 1177 1924 tam
1186 1879 1302 1925 murata
1315 1869 1400 1926 dmu-

269 1956 338 2015 Vide
350 1953 574 2026 Plutarsh.,aquo
587 1970 647 2009 cum
658 1951 732 2026 Sylla
744 1970 808 2009 con·
857 1954 955 2009 latione
977 1954 1119 2010 affirmanti
1141 1953 1271 2010 creditum
1286 1962 1347 2022 eat,
1360 1963 1401 2013 ¹et

269 2040 361 2096 iertur.
858 2037 1013 2109 prodierunt
1023 2055 1057 2094 ex
1066 2038 1400 2112 latebris,quihthenisn·
1451 2099 1454 2105 ,

301 2127 345 2195 (2)
363 2125 415 2197 Qui
427 2125 681 2197 comtaatessus'ssent
698 2123 806 2178 ιἰιὶιιίιί.
856 2123 927 2178 sium
952 2120 1040 2179 atudln
1065 2124 1185 2197 graviora
1214 2125 1399 2185 utineam
1497 2173 1502 2181 ,

267 2209 348 2264 Porro
373 2206 519 2281 intelligere
543 2204 607 2262 iicet
631 2226 664 2263 es
684 2205 807 2279 Thucyd.
857 2209 928 2278 Quos
949 2207 1016 2276 ille,
1041 2217 1101 2283 pest
1123 2227 1215 2282 pausoe
1236 2209 1310 2281 dies,
1329 2204 1399 2271 nihil

268 2290 638 2364 V1fl,Thasics,autequam
660 2299 760 2346 tantam
776 2289 805 2344 ia
856 2288 969 2362 amplius
978 2291 1148 2364 respiramen,
1161 2291 1304 2367 salutisqaa
1315 2294 1397 2369 pani·

267 2377 440 2432 Athenienses
451 2376 531 2433 fidem
547 2376 743 2447 praestitissent,
754 2393 801 2430 en·
856 2384 898 2431 tus
908 2395 1023 2442 securus,
1034 2376 1139 2435 adortus
1151 2395 1244 2435 omnes
1256 2379 1396 2438 interierit.

267 2481 328 2517 rum
340 2462 471 2533 inimicos,
487 2461 805 2532 Lacedaemoniorumque
854 2456 985 2527 Similem,
998 2463 1136 2519 Plutarcho
1137 2462 1406 2541 ,Polyaenoqnsw

253 2547 363 2623 'amicos
379 2557 457 2619 atque
475 2545 558 2601 ιοιίοι
576 2544 711 2601 exstitisse.
730 2545 805 2598 Nunc
854 2544 916 2599 dem
929 2549 1035 2614 testei,
1051 2554 1094 2614 45,
1110 2558 1136 2615 t,
1153 2549 1181 2602 iu
1199 2547 1394 2624 ldilesiospe-

267 2635 357 2705 igitur,
367 2651 428 2706 quia
436 2632 637 2687 Atheniensium
651 2618 706 2685 ecs*
704 2616 804 2684 amicos
854 2630 946 2685 fidiam
973 2632 1089 2691 exercuit
1115 2632 1275 2704 tyr-nter„
1287 2633 1397 2693 Thasios

267 2719 356 2791 videt,
374 2718 494 2791 haeque'
486 2736 515 2771 ιιι
530 2717 644 2771 amicitia
654 2732 804 2787 permansu-
854 2719 927 2785 enim
950 2717 1018 2797 apud
1039 2727 1066 2773 et
1088 2717 1206 2773 Milesios
1222 2720 1394 2795 confugerant

265 2823 308 2858 ros
325 2802 436 2870 iudicet,
448 2796 493 2856 ιώ
503 2812 652 2873 pervertere
664 2801 735 2870 cupit
745 2800 825 2869 Ly
853 2803 995 2875 permulti,
1017 2805 1061 2875 qui
1083 2804 1283 2861 Atheniensium
1308 2816 1394 2880 partes

265 2886 369 2942 rander.
705 2888 707 2892 ’
852 2886 976 2941 adversus
991 2886 1121 2961 Lysandri
1144 2888 1314 2960 tyrannidem
1330 2890 1393 2947 sue·

299 2973 343 3040 (5)
360 2972 549 3026 Dilalererrtru.
566 2967 640 3024 Alius
654 2966 800 3023 aliosere·
852 2972 1012 3028 rantsecuti.
1028 2972 1092 3026 Vid.
1110 2991 1195 3044 supra,
1210 2991 1265 3044 cap.
1278 2971 1374 3046 ptimo.

242 3100 246 3107 .
267 3054 374 3127 ciperet.
887 3057 932 3125 (t)
960 3055 1017 3128 Quo
1042 3057 1162 3111 dolore
1152 3076 1271 3111 ιιιιιιιιιιι.
1302 3053 1392 3113 Aliam
1515 3066 1518 3071 ’

302 3141 343 3207 (4)
362 3138 452 3211 itaque
454 3175 499 3192 .....
512 3136 592 3209 Quod
609 3136 683 3191 deest
699 3135 803 3209 expiere
851 3137 982 3194 Diodorus
1003 3157 1123 3204 cauum,
1145 3139 1226 3194 elatos
1248 3156 1344 3212 nempe
1361 3157 1393 3194 ae

267 3223 329 3279 iicet
342 3241 376 3278 ex
392 3222 571 3307 Polyaenoi,
593 3227 637 3290 45,
656 3228 688 3279 ιι
714 3222 804 3293 itaquae
852 3225 950 3279 ierocea
961 3233 1048 3279 narrat
1065 3223 1183 3284 animos,
1200 3221 1273 3296 quot
1288 3221 1393 3279 haiiuns

266 3306 385 3363 fraudem
394 3291 804 3379 elementsaacrehgronevelan
852 3308 1102 3382 Peloponnesiacum
1114 3306 1288 3374 coniecisset,
1307 3308 1393 3364 Iace-

267 3391 328 3448 dam
336 3393 443 3450 censuit.
455 3396 518 3448 Erat
529 3391 598 3466 apud
611 3393 720 3447 Tharros
731 3401 804 3447 tem
853 3391 1052 3464 daemoniisque
1076 3391 1198 3448 Graeciae
1223 3398 1251 3444 et
1273 3397 1352 3447 terea
1364 3398 1394 3450 et

267 3481 341 3556 plum
353 3484 479 3552 Herculia,
490 3481 559 3555 quod
572 3501 674 3539 summa
686 3481 734 3554 ipsi
746 3500 804 3536 cae·
853 3476 919 3530 marl
935 3477 1110 3548 pnucrpeium
1117 3471 1269 3547 peperisset,
1280 3471 1301 3531 l.
1314 3473 1392 3544 ΧΠ,

266 3569 380 3623 simonia
392 3566 517 3624 eolehaut.
526 3571 583 3624 Huc
593 3566 691 3622 vocatis
698 3565 804 3630 civibus,
853 3580 874 3616 ι.
887 3567 928 3617 tt.
936 3560 1025 3615 Refert
1035 3569 1122 3614 autem
1133 3557 1288 3615 Plutarchus
1294 3557 1393 3621 testu

267 3648 736 3721 insidiosaehumauitatiaplenisaima
746 3666 803 3702 ora·
853 3644 950 3708 xxttt,
962 3644 1024 3716 quia
1039 3661 1067 3697 se
1084 3642 1117 3697 ab
1132 3641 1253 3717 Agesilao
1262 3643 1389 3721 repin-

266 3734 338 3790 tioue
358 3735 464 3791 veniam
480 3735 604 3790 omnihus
625 3743 804 3790 anteactorum
853 3726 1002 3784 tolerandae
1015 3730 1071 3785 eius
1084 3728 1218 3801 superbiae
1228 3730 1392 3793 mountm-

268 3817 416 3890 pnssicetur3
429 3819 638 3875 consternatione
647 3827 675 3873 et
687 3827 804 3891 tempore
854 3815 903 3870 dae
919 3814 1052 3886 studioso,
1064 3813 1215 3889 ἀιιριιιιιιι
1234 3834 1265 3873 ιι
1279 3816 1392 3892 depres-

268 3901 344 3958 urite
360 3903 491 3972 excusari,
509 3904 620 3977 quaein
644 3904 694 3959 isto
716 3920 804 3957 rerum
853 3919 912 3957 aum
924 3898 1039 3973 vidisset.
1062 3930 1097 3943 -
1116 3900 1232 3959 Tottaa.
1248 3900 1392 3977 dimne.

267 3984 379 4042 micale
405 3986 576 4061 ιιιιιιιιιιι,
607 3986 688 4060 igitur
711 3986 806 4044 umus
854 3984 896 4044 at
913 3980 1198 4055 munumentum
1213 3981 1392 4049 estruem
