3352 5572
276 656 1391 743 mmmm

336 834 822 986 CORNELI]
893 828 1333 975 NEPOTIS

536 1106 694 1193 VITA
732 1102 811 1199 ET
847 1100 1130 1189 SCRIPTA

589 1301 641 1357 EX
673 1302 710 1359 G.
738 1303 757 1353 l.
787 1299 935 1355 VOSSII
966 1299 1043 1353 tto.
1074 1301 1085 1352 Ι

382 1479 452 1563 os
485 1473 761 1564 utsromcts
797 1473 1008 1574 utrius
1043 1472 1146 1557 csr.
1183 1474 1287 1553 xiv,

716 1678 979 1729 *dm-*⁸

167 1870 171 1913 ³
272 1799 498 1944 Cornelius
517 1862 642 1968 Nepos
660 1877 699 1937 et
716 1877 805 1937 ante
820 1861 987 1937 Caesaris
1008 1857 1257 1951 dictaturam,
1285 1873 1327 1935 et
1349 1883 1397 1938 eo

272 1977 481 2072 dictatore,
508 1996 546 2056 et
572 1999 722 2085 postea,
752 1979 856 2055 vixit.
876 1980 1131 2084 Hieronymus
1147 1980 1189 2054 in
1208 1978 1399 2055 Chronico

273 2098 491 2174 Eusebiano
517 2097 636 2173 refert
663 2096 772 2170 illum
798 2096 847 2171 ad
868 2114 1008 2171 annum
1027 2099 1185 2200 Augusti
1204 2113 1398 2201 quartum.

150 2282 154 2289 ,
276 2215 355 2289 Nec
374 2219 552 2316 cuiquam
567 2239 797 2318 repugnem,
815 2212 1005 2315 colligenti
1024 2213 1126 2300 inde,
1145 2230 1225 2286 tum
1246 2213 1399 2288 demum

276 2328 472 2433 divulgare
499 2359 544 2407 ea
578 2335 744 2436 coepisse
773 2359 913 2435 opera,
944 2330 1084 2429 quibus
1103 2332 1261 2405 maxime
1282 2331 1398 2406 incla-

275 2445 366 2520 ruit.
392 2446 485 2520 Padi
507 2460 588 2521 erat
606 2445 755 2537 accola,
774 2453 870 2519 teste
888 2441 1013 2517 Plinio
1031 2441 1095 2517 lib.
1123 2443 1198 2539 ΙΙΙ,
1225 2469 1308 2548 cap.
1331 2445 1399 2519 18:

275 2559 380 2636 unde
398 2562 572 2652 catullo,
602 2565 871 2664 epigrammate
899 2564 1043 2666 primo,
1070 2560 1186 2635 Italus
1198 2588 1209 2651 ;
1227 2563 1399 2637 Ausonio

275 2692 422 2768 autem,
454 2679 584 2780 Epigr.
615 2676 755 2769 XXIV,
781 2675 912 2751 Gallus
943 2693 1118 2767 vocatur3
1147 2703 1279 2777 nempe
1307 2680 1398 2779 quia

274 2790 380 2867 Italia
398 2793 670 2898 Transpadana
690 2793 884 2870 diceretur
910 2791 1034 2868 Gallia
1052 2795 1208 2896 Togata.
1225 2795 1281 2868 De
1302 2794 1399 2871 urbe

274 2912 397 3014 patria
436 2910 643 3015 quidquam
671 2937 710 2987 se
740 2913 885 2990 hebere
916 2912 1126 3016 comperti,
1151 2930 1265 3014 negat
1298 2910 1399 2989 Elias

273 3030 435 3104 Vinctus
461 3030 502 3102 in
521 3034 662 3107 Auson.
681 3028 794 3131 Idyll.
814 3032 894 3105 VII.
913 3033 973 3122 At,
990 3033 1250 3106 Veronensem
1270 3028 1399 3123 luisse,

272 3147 315 3221 in
335 3144 501 3221 Leandri
522 3147 669 3222 Alberti
683 3146 789 3221 Italia
810 3148 906 3250 lego,
923 3151 979 3222 uti
994 3164 1033 3222 et
1051 3150 1090 3220 in
1104 3149 1401 3254 Cosmographia
1508 3211 1514 3223 ,

273 3267 408 3368 optimi
423 3283 538 3367 atque
554 3267 764 3342 amicissimi
781 3265 974 3365 quondam
990 3267 1077 3358 viri,
1089 3265 1195 3342 Pauli
1215 3265 1398 3343 Merulae.

273 3381 353 3455 lmo
387 3408 436 3457 ox
464 3384 743 3460 veronensium
768 3382 1041 3458 historicorum
1072 3381 1222 3486 syllabo
1247 3389 1261 3478 (
1282 3384 1398 3488 quem

274 3496 511 3575 doctissimus
532 3498 860 3604 amplissimosque
886 3496 1101 3573 Alexander
1116 3497 1298 3588 Becellus,
1317 3499 1394 3573 Va·

273 3621 448 3692 ronensis
473 3615 580 3693 urbis
607 3613 879 3706 cancellarius,
911 3616 1022 3709 fecit,
1057 3640 1100 3690 ac
1129 3615 1398 3692 illustrissimus

274 3758 412 3826 comes,
428 3734 651 3810 Fernandus
669 3734 859 3837 Nogarola
873 3790 883 3826 ,
899 3737 969 3826 vir,
987 3753 1031 3809 ut
1048 3759 1197 3832 genere,
1223 3734 1275 3808 ita
1294 3732 1398 3812 litte-

273 3876 404 3925 rarum
422 3850 565 3941 studio,
584 3849 847 3947 nobilissimus,
866 3877 951 3926 cum
979 3852 1023 3924 V.
1043 3852 1082 3924 C.
1101 3851 1308 3926 Laurentio
1331 3854 1394 3927 Pi·

274 3969 430 4069 gnorio,
447 3986 561 4072 atque
580 3972 610 4044 is
630 3994 777 4045 mecum
797 3968 1105 4062 communicavit)
1131 3966 1316 4073 intelligo,
1331 3995 1397 4044 na·

276 4101 356 4160 turn
374 4082 488 4162 fuisse
511 4089 693 4190 Nepotem
719 4089 760 4160 in
784 4084 963 4162 Hostilia:
984 4103 994 4135 ¹
1024 4089 1091 4188 qui
1117 4086 1396 4163 veronensium

309 4258 351 4324 (t)
366 4245 530 4309 Parmenseln
545 4265 632 4310 tameo
650 4256 727 4311 fuisse
738 4258 808 4309 affir·
864 4253 1015 4318 Bessorum,
1026 4217 1031 4223 ι
1044 4254 1070 4307 in
1087 4255 1316 4325 Disquisitionilrus
1340 4252 1397 4310 Pti·

277 4348 338 4402 urat,
353 4339 441 4396 invitis
458 4337 560 4406 doctis,
576 4339 713 4401 clarissim,
727 4359 811 4399 comes
862 4339 953 4408 aionis,
965 4351 1028 4397 torn.
1048 4342 1082 4412 ΙΙ,
1099 4360 1156 4413 pag.
1171 4345 1213 4396 58.
1261 4422 1262 4426 Ἰ
