3352 5572
640 445 747 511 aton
1162 417 1255 547 rip

131 670 252 751 eaque
279 644 408 723 multis
428 647 541 723 rebus
559 661 668 723 auots
695 662 764 725 ests
791 647 855 725 sed
877 652 1144 752 sanaaprinis
1162 665 1255 731 tons·
1376 654 1380 670 '

130 761 288 868 poribus
313 761 538 869 aliquandiu
557 762 730 840 sisnulala
758 765 942 843 intereos
970 768 1130 847 amicitia
1152 797 1258 847 msu-

130 880 188 958 sit.
205 881 409 982 Quumque
434 883 534 962 Dion
559 906 638 959 uon
663 878 862 959 desisteret
890 882 1089 969 obsecrare
1112 885 1258 990 Diony.-

131 1000 241 1090 situu,
261 1017 303 1077 nt
322 997 520 1079 Platonem
546 999 703 1079 Athenis
735 1020 957 1092 arcesseret,
985 1020 1022 1078 et
1049 1003 1130 1087 eius
1157 1030 1265 1089 eous

130 1116 221 1193 siliis
247 1132 422 1199 uteretur
432 1145 443 1207 ς
471 1116 555 1215 ille,
580 1119 646 1222 qui
675 1120 715 1195 iu
740 1115 867 1218 eliqua
899 1144 941 1195 re
967 1117 1083 1205 selles
1110 1139 1266 1224 patrata·

130 1232 285 1324 imitari,
306 1260 447 1311 moreto
467 1237 501 1313 ei
528 1235 641 1338 gessit
650 1261 661 1326 ;
688 1235 703 1291 ²
730 1234 941 1339 eodemque
967 1255 1137 1343 ternpore
1163 1239 1256 1325 Phi·

133 1345 264 1429 listuru
290 1349 513 1447 historicum
532 1355 546 1405 ³
565 1348 769 1455 Syracusas
782 1350 947 1448 redusit,
963 1352 1151 1437 homiuem
1166 1356 1263 1441 aui-

134 1489 317 1555 eunsnon
345 1470 460 1572 magis
482 1486 660 1572 tyranno,
680 1494 794 1571 quam
810 1469 1016 1572 tyrannidi.
1029 1469 1105 1557 Sed
1123 1460 1171 1561 ds
1188 1470 1280 1557 lton·

133 1585 175 1661 ist
202 1610 248 1662 eo
269 1611 355 1663 meo
380 1583 510 1663 libro⁴
530 1584 640 1690 plura
666 1601 756 1661 sunt
774 1588 960 1690 exposita,
981 1591 1048 1690 qui
1070 1588 1116 1665 de
1136 1588 1269 1667 histo··

135 1703 221 1789 uicis
241 1704 477 1809 conscriptus
504 1724 571 1782 est.
593 1701 701 1780 Plato
729 1722 852 1779 autent
877 1723 1020 1781 tantum
1043 1704 1148 1810 apud
1165 1708 1260 1795 Dio.-

136 1822 288 1926 aysiurn
317 1825 544 1905 auctoritate
572 1823 707 1926 potuit,
725 1819 922 1925 valuitque
948 1820 1192 1927 eloquentia,
1220 1838 1266 1903 ut

136 1942 170 2015 ei
200 1943 430 2045 persuaserit
450 1937 664 2043 tyrannidis
689 1936 816 2016 secere
842 1940 1002 2032 finem,⁵
1028 1938 1265 2017 libertatern-

136 2083 214 2162 que
241 2055 404 2133 reddere
431 2056 687 2160 Syracusanis.
722 2060 859 2158 Aqua
884 2057 1081 2136 voluntate
1115 2057 1267 2143 Philisti

141 2170 301 2255 consilio
318 2172 539 2262 deterritus,
554 2173 571 2223 ⁶
589 2169 786 2273 aliquanto
812 2169 1007 2248 crudelior
1033 2197 1111 2267 esse
1128 2173 1267 2278 coepit.

141 2369 234 2439 repetit
247 2367 408 2432 Plutarchus,
426 2385 479 2438 rap.
496 2366 546 2423 Vll
563 2374 590 2422 st
606 2366 675 2434 ¹113
726 2361 852 2421 habereut
875 2384 957 2440 quera
979 2366 1093 2423 Platonis
1109 2367 1226 2439 caputiis
1239 2377 1268 2425 at

64 2507 71 2517 ,
142 2451 331 2522 assuspieioue
345 2453 479 2524 Dionysii,
490 2469 569 2525 quant
583 2468 676 2507 mose·
726 2449 902 2522 philosophiae
921 2461 1093 2523 opponerent,
1110 2452 1139 2507 in
1156 2452 1268 2525 paulam

142 2546 201 2591 sant
226 2538 319 2592 Dionia
343 2538 473 2601 virtutes,
502 2535 610 2592 Diodes.
633 2533 680 2590 lib.
730 2545 863 2589 resocatus
876 2544 924 2590 est.
948 2537 987 2589 De
1001 2555 1055 2609 quo
1072 2536 1181 2593 Philisto
1193 2537 1270 2610 plora

142 2619 309 2693 XVl,eap.6.
323 2620 680 2679 Dissensionitantenuostee
731 2617 857 2683 Vossius,
874 2619 913 2671 De
937 2616 1069 2675 hisusrieis
1085 2621 1189 2675 Graecis
1207 2622 1271 2689 Μ.

143 2706 329 2781 inseqcapite
341 2709 394 2779 ipse
404 2709 525 2760 occurrit.
538 2708 680 2760 Tescrsnce.
730 2700 901 2757 -Hosstinent
923 2707 1031 2759 amisum
1051 2725 1101 2761 nost
1122 2710 1206 2777 marta
1221 2717 1271 2777 0⁴-

174 2793 217 2861 (t)
233 2791 336 2845 Morem
352 2793 472 2864 eigesait.
487 2790 547 2843 Eius
560 2787 680 2861 postula-
730 2805 821 2851 resino,
837 2806 911 2858 mam
927 2791 1070 2858 tyrannidi.
1096 2788 1125 2845 ld
1150 2799 1200 2855 est,
1225 2789 1273 2862 qstl

142 2872 177 2927 tis
190 2876 289 2931 annuit.
305 2879 342 2929 lta
356 2879 464 2948 saepius.
483 2877 540 2927 lsuo
550 2875 680 2927 iuniorem
731 2881 871 2943 tyrannum
885 2871 1003 2943 quidem,
1017 2883 1043 2928 at
1060 2875 1139 2945 magis
1153 2876 1272 2947 tyrensi·

143 2956 311 3031 Dionysium,
335 2959 420 3012 Dione
444 2959 560 3030 primaru
583 2952 681 3028 impel·
732 2957 793 3010 dent
806 2956 916 3011 amabat.
929 2957 984 3012 stit
994 2977 1070 3028 panas
1084 2966 1214 3030 trruttais.
1230 2962 1272 3021 tta

145 3042 225 3110 lente,
238 3044 301 3098 dein
314 3055 414 3116 sponte,
431 3043 580 3115 crebrisque
594 3050 620 3095 el
638 3045 679 3110 ip·
732 3038 811 3095 sodex
828 3051 915 3095 noster
928 3044 957 3095 il.
972 3043 1003 3095 n⁰
1020 3047 1096 3100 sset.
1210 3066 1213 3073 ·

145 3130 197 3183 aissa
214 3130 366 3184 stallorum
383 3129 499 3201 epistolis
511 3139 538 3182 et
551 3127 682 3200 precibus,
766 3125 809 3193 (t)
827 3125 859 3178 ln
872 3142 902 3179 sa
918 3143 974 3181 meo
990 3126 1065 3183 libro.
1080 3128 1132 3198 Qui
1145 3126 1274 3187 desidera·

146 3214 380 3270 trlrsntibosetiaas
393 3211 628 3280 missis,Platonern
641 3210 684 3265 atl-
735 3218 786 3263 tur.
804 3208 868 3264 Mea
886 3210 1044 3281 quibusdam
1059 3230 1075 3266 a
1088 3213 1163 3269 MSS.
1176 3213 1257 3269 abesa

147 3301 288 3364 vacavisse,
302 3299 408 3369 ipsoque
425 3299 552 3370 Dionysio
571 3295 599 3349 iu
619 3308 682 3349 eur·
766 3297 810 3367 (5)
826 3294 986 3366 Tyrartnidis
993 3299 1088 3372 farere
1099 3299 1187 3368 finem.
1199 3297 1272 3352 ltlera
1330 3312 1338 3318 ·

147 3400 180 3439 su
197 3383 331 3439 Platonem
350 3384 502 3454 imponente
519 3380 685 3453 aurigamque
735 3375 849 3432 Plateia
873 3381 982 3451 epistota
997 3384 1034 3434 ΙΙΙ
1047 3382 1080 3433 ad
1099 3383 1274 3452 Dionysium,

149 3481 254 3544 agente,
271 3489 331 3524 eum
349 3468 486 3540 excepisse,
500 3484 644 3537 magnoque
657 3465 686 3517 in
736 3463 804 3515 cirea
820 3461 889 3527 init,
911 3468 1051 3533 profitetur.
1070 3462 1146 3517 atde
1170 3462 1274 3519 Plutar-

149 3557 232 3626 pretio
246 3552 375 3617 babuisse,
389 3568 420 3604 ea
440 3550 556 3603 eiusdem
576 3547 688 3603 Platonis
737 3544 826 3608 chum,
842 3545 936 3600 Dione.
950 3545 1010 3611 Sed,
1023 3557 1052 3599 ut
1064 3545 1208 3617 Dionysius
1219 3554 1277 3613 eset

151 3640 225 3711 epist.
238 3638 274 3691 ltl
288 3648 314 3692 el
328 3635 459 3702 llll,l'lut.
474 3645 501 3689 et
518 3634 630 3688 Aeliano
643 3650 688 3686 eo·
737 3639 863 3680 vastator
882 3645 989 3698 magnus
1004 3623 1098 3693 (veluti
1120 3625 1224 3685 Tullius
1239 3629 1277 3701 ll,

151 3723 308 3796 'mim
738 3712 846 3785 epistola
861 3716 890 3766 tl
904 3713 935 3764 ad
946 3713 1072 3780 Quintum
1085 3711 1203 3779 lrstrerrt,
1211 3730 1276 3777 μω

186 3805 531 3878 (1)Ρ1ιὲἱὶεικηι1ιὶσεονίωυι.
539 3802 593 3873 Qui
599 3818 691 3872 quum,
739 3795 874 3869 appellat),
889 3797 937 3848 lsoe
954 3805 1041 3867 postes
1053 3797 1171 3864 invertit,
1182 3808 1209 3853 et
1219 3796 1279 3865 Plan

154 3892 237 3949 iatseio
250 3895 352 3968 seuioqe
364 3890 502 3959 Dionysio,
514 3905 621 3943 uxorata
635 3887 687 3939 La·
721 3930 726 3940 .
740 3890 830 3935 touern
840 3877 1010 3934 calumniatus
1020 3890 1068 3944 est,
1077 3881 1147 3952 quasi
1159 3879 1206 3937 illa
1216 3881 1279 3949 huie

156 3979 246 4053 ptiaae
260 3977 347 4032 fratris
354 3979 409 4032 eius
418 3974 568 4039 desisset,a
580 3984 693 4046 tyranno
741 3965 796 4020 eius
813 3965 917 4018 conatui
933 3963 1069 4020 oblocutus
1085 3975 1169 4033 essels
1193 3984 1278 4039 quun

156 4062 254 4136 patus,
268 4061 374 4126 adriae,
392 4069 457 4114 teste
476 4057 555 4126 Plut,
570 4055 694 4121 Thrsriis,
742 4060 829 4105 eontra
842 4048 915 4102 Plato
932 4047 1026 4104 sedato
1037 4050 1275 4126 naamanin·

155 4166 189 4203 aa
203 4145 277 4201 Diod.
289 4184 298 4211 ‚
311 4143 437 4201 exulabat:
450 4143 496 4199 nti
520 4144 553 4195 de
569 4140 652 4195 Sicut.
667 4148 694 4193 et
742 4154 838 4191 nunus
850 4145 987 4189 recusaret.
1003 4135 1151 4193 haustu.

73 4220 82 4241 ⁶
157 4230 412 4304 Aegyptiaciaquae
423 4229 568 4300 perierant,
583 4224 696 4295 scripsit.
775 4221 818 4289 (6)
834 4216 1279 4291 Plu'ls‘str‘aonaitipdasme‘awia-

158 4316 336 4403 mntem
351 4315 498 4383 aaran
512 4311 647 4387 aare
665 4317 696 4370 us
743 4321 806 4379 aas
819 4301 887 4379 esd
899 4313 1043 4379 *samse
1061 4306 1239 4376 adsumo.
1250 4314 1280 4376 ss
