3352 5572
269 451 339 548 8⁰

271 682 467 765 moenibus
501 680 852 777 circumdatus,··ut
883 685 1000 788 ipsam
1036 677 1168 756 urbem
1207 677 1397 783 dignitate

273 804 559 907 aequipararet,
587 800 750 880 utilitate
776 818 988 904 superaret.
1014 798 1197 904 Idemque
1231 800 1396 876 ιιιιιιοι2

268 920 554 998 Atheniensium
564 920 945 1024 restituitpraecipuo
955 914 1127 1022 periculo
1136 916 1399 1022 suo.Namque

270 1033 572 1129 Lacedaemonii,
582 1036 731 1114 carisam
747 1038 920 1112 idoneam
934 1036 1065 1126 nacti,3
1083 1051 1245 1139 propter
1260 1032 1398 1111 barba·

271 1178 402 1230 rorum
433 1156 697 1248 excursiones,
729 1180 810 1258 qua
836 1168 1038 1255 negarent,
1077 1168 1261 1257 oportere
1290 1166 1402 1231 extra

271 1268 577 1376 Peloponnesum
606 1270 722 1348 ullam
749 1269 884 1347 urbem
909 1269 1057 1362 haberi,
1084 1295 1150 1345 ne
1159 1286 1287 1346 essent
1310 1254 1410 1347 locs

272 1390 429 1478 munita,
450 1416 550 1499 quae
569 1387 695 1466 hostes
720 1387 973 1494 possiderent,
990 1387 1238 1464 Athenienses
1269 1382 1401 1462 sedili·

274 1523 402 1583 cantes
422 1506 630 1612 prohibere
650 1524 739 1583 sunt
756 1505 894 1586 conati.
913 1508 994 1582 Hoc
1013 1504 1127 1609 longe
1153 1503 1228 1582 alio
1248 1514 1401 1611 specte-

273 1623 340 1701 bat
356 1626 506 1728 atque⁴
533 1623 654 1699 rideri
681 1622 872 1702 volebant.
899 1624 1145 1700 Athenienses
1171 1624 1273 1699 enim
1303 1620 1405 1699 dua·
1478 1652 1481 1657 ·

273 1738 343 1819 bus
360 1741 544 1837 victoriis,
566 1743 803 1818 Marathonia
830 1759 868 1818 et
893 1741 1120 1834 Salaminia,
1148 1758 1289 1818 tanum
1319 1736 1403 1843 glo·

272 1860 367 1933 riam
382 1860 484 1964 apud
497 1884 631 1943 omnes
650 1876 781 1962 gentes
799 1866 910 1935 erant
929 1866 1135 1951 consecuti,
1154 1877 1198 1936 ut
1215 1855 1405 1961 intellige-

274 1994 363 2054 rent
381 1974 697 2068 Lacedaemonii,⁴
706 1978 753 2055 de
773 1979 989 2081 principatu
1004 1978 1076 2054 sibi
1093 2006 1182 2055 cum
1201 1977 1258 2055 his
1277 1984 1404 2054 cerla-

276 2119 363 2168 men
377 2092 461 2169 lore
473 2120 483 2170 ι
494 2118 688 2196 quereeos
700 2122 815 2196 quam
824 2093 1092 2171 infirmissimos
1106 2121 1186 2172 esse
1206 2091 1404 2172 volebant.

274 2210 484 2311 Postquam
513 2227 637 2287 autent
671 2209 899 2303 audierunt,
928 2238 1056 2289 muros
1078 2211 1229 2303 instrui,
1256 2206 1406 2313 legatos

274 2325 440 2402 Athenas
458 2327 655 2421 miserunt,
674 2332 742 2434 qui
761 2325 801 2404 id
822 2328 904 2405 lieri
923 2346 1107 2407 vetarent.
1139 2330 1205 2404 llis
1223 2352 1408 2434 praesen·
1452 2342 1456 2349 '

274 2443 375 2520 tibus
393 2441 603 2536 desierunt,
621 2451 636 2498 ⁵
655 2472 699 2521 ec
719 2473 758 2523 se
777 2445 825 2524 de
844 2474 887 2522 ea
906 2474 948 2522 re
967 2445 1112 2551 legatos
1141 2444 1191 2521 ad
1220 2471 1285 2522 eos
1315 2445 1407 2523 mis·

274 2588 384 2641 suros
409 2563 601 2641 dixerunt.
608 2567 728 2641 ‘Hanc
748 2565 971 2665 legationem
1000 2566 1164 2671 suscepit
1190 2563 1409 2643 Themisto-
1452 2632 1457 2641 .

276 2675 372 2775 cles,
398 2697 437 2756 et
463 2678 565 2759 solus
588 2684 712 2788 primo
733 2684 931 2817 profectus
952 2700 1027 2761 est:
1059 2681 1198 2782 reliqui
1219 2678 1333 2783 legati
1361 2696 1412 2759 ut

645 474 971 543 ruttttsroccts

274 2801 531 2893 tumexirent,
551 2826 670 2903 quum
686 2802 774 2878 satis
795 2798 958 2879 altitudo
975 2806 992 2854 ⁶
1012 2802 1113 2878 muri
1134 2814 1328 2876 exstructa
1346 2800 1409 2875 si·

310 3003 354 3071 (2)
368 3002 468 3066 Muros,
476 3012 527 3058 etc.
541 3002 632 3056 Muros
645 3021 660 3057 a
672 3005 757 3059 Persis
771 3005 815 3058 di·
869 3025 981 3065 censoru
991 3006 1202 3076 subsequitum-
1211 3004 1256 3059 De
1266 3005 1415 3077 principun

275 3092 346 3141 susos
355 3086 480 3141 restituit.
494 3086 817 3159 Praecipuopsriudosuo.

868 3096 952 3190 Quem
967 3091 1089 3146 haetenus
1102 3091 1269 3145 obtinuerant
1278 3089 1413 3144 Lacedae·

267 3142 353 3239 Quod
371 3181 458 3240 postea
472 3172 628 3245 explicatur,
639 3172 760 3244 gallice
749 3194 766 3227 a
778 3195 818 3229 ses
868 3177 961 3243 monii,
969 3195 1102 3231 murorum
1112 3175 1364 3247 oppuguandorum
1355 3192 1410 3231 ιιιι·

276 3259 373 3327 risques
387 3269 411 3310 et
426 3256 515 3328 pdrils.

869 3261 965 3331 periti,
988 3270 1014 3314 et
1037 3280 1051 3312 ιι
1072 3262 1193 3331 Lycurgo
1220 3262 1408 3331 πυργομαχεῖν

312 3339 574 3409 (3)Lscedaemorsii,
583 3360 684 3395 emnam
699 3330 817 3396 s'dorresm
864 3345 996 3416 prohibiti.
1009 3345 1077 3398 Vide
1093 3343 1217 3399 Herodes.
1236 3345 1283 3408 IX,
1297 3346 1340 3397 70.

275 3426 361 3489 mli,
382 3434 432 3480 etc.
461 3428 500 3480 De
518 3427 567 3480 hoc
587 3435 720 3497 prsetextu
738 3425 817 3480 silent

902 3431 944 3497 (5)
960 3429 1099 3482 Desienmt.
1110 3427 1219 3500 supple,
1232 3446 1297 3500 opus
1310 3426 1409 3483 suere·

275 3519 406 3580 sudores,
418 3509 547 3565 invidiam
561 3528 624 3565 vero
637 3510 818 3564 Lacedaemo·
867 3513 987 3567 Consilio
1006 3512 1207 3579 Themistoclis,
1225 3532 1258 3567 ne
1274 3510 1374 3567 seilicet
1391 3530 1411 3567 a

275 3598 380 3651 nicrum
397 3597 550 3652 obtendunt.
561 3596 629 3650 Vide
647 3598 712 3651 lust.
726 3597 760 3662 ll,
775 3603 816 3668 ⁴⁵5
867 3597 1079 3652 Lacedaemoniis
1102 3607 1128 3651 et
1147 3596 1256 3669 reliquis
1272 3594 1407 3669 Pelopon·

276 3680 401 3754 l'olysen.
416 3684 445 3748 l,
468 3685 512 3747 30,
527 3688 553 3737 4.
567 3712 599 3723 -
614 3680 707 3737 Vllum
723 3683 816 3736 urtam

276 3767 374 3840 Supple
387 3787 462 3823 ruuro
476 3766 672 3823 circumdatam.
690 3769 783 3824 lustin.
792 3770 815 3834 l,

278 3856 329 3903 45:
349 3855 481 3910 sblittunt
494 3874 558 3928 ergo
571 3853 687 3926 legatos,
702 3854 748 3928 qui
760 3873 815 3908 ιιιο·

278 3944 366 3996 neam.
380 3955 414 3990 ne
427 3941 593 3992 munimenta
607 3938 721 3994 hostibus
736 3949 762 3993 et
775 3956 816 3992 re·

277 4018 409 4089 ceptaeula
420 4021 504 4076 futuri
514 4022 578 4078 belli
593 4034 726 4080 exstruant
737 4044 760 4076 ι.

314 4103 425 4173 (4)]1ω
437 4106 513 4177 lnge
523 4110 576 4161 alio
590 4111 717 4180 spectabat
729 4122 814 4182 atque,

277 4195 326 4242 etc.
340 4188 395 4241 llac
410 4187 439 4240 in
457 4207 486 4242 re
506 4189 585 4263 longe
602 4191 674 4247 aliud
694 4192 814 4248 intende·

276 4271 357 4338 brut,
374 4289 452 4343 quem
463 4272 533 4343 quod
544 4275 717 4333 ostentabant.
728 4276 815 4330 -As-

275 4354 467 4431 meditatim
482 4355 585 4416 estber
600 4376 695 4432 nuru,
710 4379 753 4428 ss,
769 4357 815 4422 ubl

866 3683 945 3737 nesiis
956 3686 989 3735 ab
999 3700 1077 3754 opere
1090 3683 1193 3752 incepto
1206 3680 1408 3754 impedirentur.

865 3767 1027 3821 Diodor.Xl.
1043 3765 1124 3821 Paulo
1134 3767 1211 3821 aliter
1224 3775 1310 3820 narrat
1324 3766 1409 3820 Thu·

866 3852 993 3925 eydides5
1012 3850 1069 3916 sed,
1083 3850 1151 3923 opud
1170 3851 1240 3908 Plut.
1253 3852 1282 3905 ln
1293 3850 1409 3905 Themi·

867 3936 966 4003 stocle,
985 3954 1069 4005 neque
1086 3935 1119 3989 de
1136 3934 1226 4007 legatis
1239 3930 1362 4002 retentis,
1374 3946 1408 3993 ut

868 4022 949 4075 refert
971 4021 1155 4093 Thucydides,
1173 4040 1258 4095 neque
1275 4021 1308 4075 ds
1324 4038 1407 4093 opere

867 4104 1030 4172 intermisso,
1046 4104 1100 4158 ulla
1113 4105 1222 4159 mentio.
1240 4101 1409 4175 Thucydidis

867 4187 1008 4242 narmtioni
1017 4197 1163 4261 congruunt
1172 4188 1314 4243 lustinuset
1322 4189 1408 4242 Fron-

866 4271 945 4326 tinus.

899 4359 943 4433 (6)
956 4357 1039 4433 Quos
1050 4364 1114 4419 satis
1126 4332 1246 4434 «hirede,
1255 4357 1409 4435 sustam
