3352 5572
569 467 765 530 rourum
1135 438 1231 535 253

113 701 202 754 rum
222 671 420 772 luxuriam,
450 666 642 776 longeque
672 671 774 747 inter
800 694 840 747 ae
868 667 1128 749 discesserant.
1152 674 1234 752 Hoc

114 793 328 895 Antigonus
346 798 481 892 quum'
493 788 749 894 comperisset,
775 785 1091 894 intelligeretque,
1109 814 1150 866 se
1172 817 1236 892 pa-

113 936 194 989 rem
210 935 290 985 non
310 930 391 982 csse
409 907 548 1011 paratis
581 903 829 996 adversariis3
848 909 977 982 statuit
1003 905 1148 1011 aliquid
1166 907 1237 983 sibi

115 1025 261 1105 consilii
287 1025 377 1100 novi
405 1050 483 1101 esse
503 1020 743 1128 capiendum.
761 1023 867 1099 Duae
886 1041 994 1099 erant
1012 1027 1092 1103 viae
1101 1053 1236 1130 quaex

113 1141 248 1234 Medis,
266 1141 334 1217 nbi
352 1141 414 1218 illc
441 1139 642 1232 hiemabat,
668 1137 717 1213 ad
735 1139 1037 1220 adversariorum
1057 1142 1234 1218 hiberna·

115 1253 204 1332 cula
221 1274 348 1364 posset
366 1257 575 1358 perveniri:
597 1281 761 1358 quarum
793 1255 946 1339 brevior
968 1284 1038 1362 par
1067 1256 1153 1334 loca
1172 1259 1235 1366 tle·

45 1382 50 1393 '
116 1391 228 1468 terta,
255 1401 355 1479 quae
382 1402 493 1452 nemo
519 1373 710 1452 incolebat
737 1392 897 1480 propter
923 1402 1042 1480 aquae
1058 1375 1237 1481 inopiam,
1308 1464 1311 1469 ¹
1412 1360 1415 1364 ¹

114 1506 286 1567 ceterum
303 1489 449 1566 dierum
468 1508 550 1565 erat
579 1488 659 1566 fere
680 1488 810 1566 decem
828 1519 839 1581 ;
857 1496 873 1543 ⁶
892 1488 957 1565 illa
985 1508 1109 1568 autem
1124 1480 1239 1594 {qua

117 1631 250 1682 omnes
269 1608 550 1698 commeabant,
576 1608 696 1682 altero
716 1622 821 1683 tanto
848 1606 1058 1710 longiorem
1078 1605 1241 1684 habebat
1340 1696 1343 1703 Ι

117 1727 340 1819 anfractum,
351 1725 511 1803 sederat
528 1729 693 1830 copiosa,
712 1727 960 1829 omniumque
974 1755 1100 1815 rerum
1119 1727 1238 1802 abun·

118 1842 225 1919 dans.
246 1845 324 1920 Hac
343 1845 373 1920 si
393 1842 707 1949 proficisceretur,
720 1841 969 1945 intelligebat,
981 1847 1085 1949 prius
1105 1806 1271 1920 adver.

116 1964 235 2036 serios
245 1963 446 2037 rescituros
457 1960 505 2036 de
515 1987 584 2037 suo
594 1959 773 2052 adventu,
784 1987 898 2063 quam
907 1962 988 2063 ipse
1000 1962 1145 2036 tertiam
1154 1988 1239 2063 par·

119 2093 195 2152 tem
212 2079 602 2169 confecissetitineris3
625 2080 683 2152 sin
702 2104 773 2181 per
790 2075 874 2152 loca
902 2077 979 2153 sola
999 2080 1011 2123 ⁷
1034 2074 1240 2153 contende·

122 2209 195 2289 ret,
213 2193 400 2295 sperabat,
426 2221 465 2268 se
484 2194 762 2309 imprudentem
790 2195 935 2269 bostem
960 2221 1244 2298 oppressurum.

122 2309 187 2386 Ad
204 2311 302 2386 hanc
315 2336 392 2387 rem
411 2310 692 2402 conficiendam,
709 2313 920 2415 imperavit,
932 2338 1045 2414 quam
1060 2309 1242 2413 plurimos

124 2440 227 2504 utres
240 2445 354 2533 atque
373 2431 483 2504 etiam
502 2428 675 2507 culleos⁸
694 2430 932 2533 comparari3
954 2447 1039 2532 post
1065 2430 1159 2505 haec
1176 2458 1242 2534 pa·

124 2545 276 2638 bulum3
288 2564 488 2652 praeterea
507 2547 648 2625 cibaria
668 2563 775 2622 cocta
792 2545 940 2646 dicrum
953 2545 1082 2623 decem
1093 2577 1104 2641 ;
1123 2565 1243 2654 utque

124 2689 236 2764 quam
249 2667 401 2740 minime
420 2664 529 2741 ficret
545 2668 641 2770 ignis
661 2669 699 2738 iu
720 2666 849 2740 castris
864 2693 874 2739 ε
892 2668 980 2758 iter,
998 2665 1104 2768 quod
1128 2666 1242 2740 habe·

122 2780 202 2874 bat,
229 2807 357 2859 omnes
374 2781 485 2860 celat.
504 2785 570 2860 Sic
593 2797 758 2888 paratus,
777 2809 855 2885 qua
874 2784 1135 2875 constituerat,
1153 2809 1242 2888 pro·

124 2898 316 2978 ficiscitur.
1047 2982 1050 2987 ,

164 3018 243 3109 IX.
269 3017 474 3094 Dimidium
505 3017 587 3094 fere
608 3019 769 3121 spatium
789 3013 1026 3108 confecerat,
1052 3045 1173 3122 quum
1197 3044 1243 3094 ex

125 3132 233 3211 fumo
252 3151 467 3212 castrorum·
475 3137 554 3213 eins
568 3137 732 3241 suspicio
743 3130 855 3209 allata
866 3146 921 3209 est
937 3132 983 3209 ad
992 3137 1211 3230 Eumenem,
1229 3142 1240 3187 ⁴

161 3411 205 3478 (6)
218 3404 660 3480 Dienaneratseradecamldeat,
710 3408 833 3477 pdnhma
866 3412 999 3466 Praeterea
1025 3405 1149 3478 pabulum
1173 3406 1245 3476 aquia

126 3491 190 3546 haec
207 3491 249 3547 via
264 3490 354 3546 dacem
381 3490 472 3544 diebus
491 3487 591 3544 absolvi
608 3508 659 3561 po-
713 3504 837 3565 paratum.
850 3525 883 3537 -
903 3494 987 3564 thuc
1003 3511 1078 3567 qaum
1097 3494 1247 3547 minima..u

125 3584 244 3634 terat-
257 3576 412 3648 Quuonmea
425 3571 661 3628 commeatuum·
712 3579 834 3645 seilicet,
850 3578 987 3648 imperavit
998 3585 1027 3629 ut
1043 3595 1119 3647 quam
1136 3576 1246 3631 minima

127 3662 268 3715 tamarica.
285 3691 320 3704 -
330 3661 425 3713 Altero
436 3670 506 3713 tanto
519 3659 662 3728 longiorem
713 3672 764 3718 etc.
783 3667 860 3734 lgnra
878 3680 941 3718 aero
958 3670 1096 3715 nocturnos
1106 3660 1247 3735 intelligit,

128 3744 236 3803 habeba
247 3747 400 3818 anfractum·
413 3742 443 3797 ld
455 3753 502 3805 erl.
511 3741 593 3814 duplo
606 3759 662 3795 Μ·
714 3748 760 3820 qui
776 3748 804 3802 in
821 3749 912 3801 castris
924 3745 981 3800 fieri
996 3744 1121 3800 colebant.
1130 3747 1186 3800 Hoc
1199 3747 1248 3818 igi·

128 3831 213 3887 iorem
227 3830 338 3886 babebat
352 3830 500 3884 circuitum.
715 3840 758 3884 tur
771 3840 932 3903 praeceptum
947 3841 996 3896 ert,
1013 3850 1047 3884 ne
1061 3830 1164 3903 ignium
1175 3829 1249 3885 indi-

161 3917 220 3984 (7)
241 3913 314 3968 Solu.¹
345 3910 502 3967 Hominibus
534 3909 665 3966 destituta.
715 3912 762 3966 ciis
778 3910 932 3983 proderetur
947 3912 1081 3967 adventur.

133 3997 329 4054 aProficiscitur
344 3997 373 4051 in
391 3996 447 4050 loca
460 3995 515 4050 sola
526 4015 548 4050 a.
571 3992 633 4049 Sall.
642 3996 663 4048 1.
749 3999 792 4064 (t)
817 3997 936 4066 &captato
948 3998 1029 4052 allata
1045 4011 1081 4052 err
1098 3998 1134 4051 ad
1150 3998 1249 4053 Brama-

130 4081 204 4137 clll.
622 4064 630 4087 ⁸
715 4097 782 4132 nem.
800 4078 934 4132 Nimirum
952 4098 967 4132 a
984 4079 1114 4148 barbaria,
1131 4080 1179 4155 qui
1194 4098 1248 4135 non

164 4169 208 4236 (8)
225 4167 334 4224 aalma.
350 4168 462 4233 Saccas,
478 4165 555 4220 coalia
571 4169 665 4220 confla·
716 4164 825 4231 sumum,
835 4161 880 4215 aed
897 4162 999 4234 ignium
1011 4165 1138 4238 fulgorem
1153 4165 1249 4223 viden.

133 4253 288 4326 touquibua
305 4270 370 4325 aqua
388 4250 551 4324 perediam
572 4248 666 4305 colitu-
717 4258 771 4314 tea,
796 4256 861 4304 teate
880 4247 1084 4320 Plutambo,'ex
1100 4253 1248 4308 anmmitata

134 4336 225 4399 dinem
247 4337 446 4401 marcherum.
462 4366 498 4385 ··
519 4339 585 4399 Part
605 4337 666 4395 baar
715 4333 824 4394 collium
847 4334 1117 4411 amiternum,
1142 4336 1249 4402 amali·
