3352 5572
318 420 415 525 444
673 434 880 503 cornuin
916 437 1101 507 umoris

318 645 408 705 strent,
419 653 464 690 eos
477 653 530 691 non
547 637 751 695 contemnendos
761 647 875 695 osstores
894 657 949 695 esse
968 640 1092 712 pdubses
1111 639 1157 695 sed
1175 646 1267 695 neuter
1284 639 1452 699 boe..lnndis

317 739 399 792 genus
411 728 571 775 consectatus
583 731 630 777 est:
643 724 715 794 prlor
726 722 841 795 quidem,
857 733 887 778 ut
900 726 1032 791 existimo,
1045 725 1107 796 quie
1123 723 1152 777 in
1169 722 1217 776 bec
1227 722 1328 794 publice
1342 724 1448 779 uerbo·

316 823 374 860 tum
388 812 414 858 et
426 806 612 858 sententierum
625 825 719 878 pompe
739 806 876 861 bominem
889 808 973 878 ipsum
986 804 1147 879 deprehendi
1163 825 1222 860 reso
1239 806 1383 860 edmodum
1397 826 1451 862 es·

318 884 472 950 bibebatur,
485 885 613 955 posterior
627 887 702 952 sorte,
716 889 778 961 quis
790 887 832 942 bic
843 897 975 960 epperetus
994 906 1053 943 eum
1066 905 1114 952 ee,
1135 887 1209 941 cuius
1229 885 1295 940 sdeo
1309 885 1450 943 studiosus

317 974 381 1029 esst,
393 965 518 1021 bsevitete
532 967 642 1021 minime
656 969 820 1038 congruebet.

349 1047 424 1101 Viros
436 1047 517 1117 igitur
533 1050 639 1119 pingere
652 1048 735 1103 voluit
745 1050 831 1122 Nepos
854 1050 955 1105 selectis
972 1049 1139 1123 quibusdem,
1157 1047 1202 1103 sed
1215 1048 1308 1103 vividis
1320 1046 1442 1122 insigni·

314 1128 421 1198 busque,
433 1127 535 1182 hebitus
551 1137 579 1183 et
592 1147 696 1183 morum
712 1131 887 1187 lineamentis.
900 1134 932 1185 Et
945 1143 1015 1186 certe
1033 1134 1060 1184 in
1083 1130 1198 1185 virorum
1215 1129 1373 1201 imaginibus
1389 1129 1446 1187 boc

314 1209 394 1265 modo
410 1209 593 1282 exprimendis,
611 1230 664 1266 non
681 1222 827 1269 extremum
840 1214 908 1269 inter
920 1216 1025 1269 Letinos
1038 1212 1152 1268 obtinuit
1170 1211 1277 1276 locum,
1296 1210 1447 1281 eliquendo

312 1311 357 1361 per
374 1291 504 1348 Sallustio.
516 1295 612 1362 Quem.
625 1294 737 1365 exempli
749 1295 839 1367 gretie,
851 1298 940 1353 visum
954 1296 1118 1369 eloquentius
1130 1294 1256 1363 depinxit.
1268 1293 1370 1347 Priosss
1385 1293 1438 1349 ille

313 1374 428 1427 Romana
440 1379 467 1427 irs
478 1374 582 1428 historia
596 1374 712 1446 Crispus,
725 1396 804 1448 quem
820 1378 908 1450 Nepos
922 1377 1130 1448 Epemissossdens
1146 1376 1188 1431 his
1202 1375 1287 1430 verbis
1300 1376 1349 1427 1112
1367 1375 1445 1430 Eme

312 1458 379 1507 enim
392 1456 524 1518 modestus,
532 1456 653 1525 prudens,
669 1462 765 1528 gravis,
777 1461 925 1530 tenporibus
938 1464 1061 1529 supienter
1076 1473 1156 1526 utens,
1167 1459 1260 1527 periure
1271 1456 1341 1521 belli,
1350 1455 1444 1528 sonis

314 1557 401 1602 uranu,
414 1541 501 1590 animo
515 1542 637 1606 merium
650 1541 716 1594 adeo
734 1543 853 1597 veriatis
869 1543 990 1612 diligeres,
1006 1556 1032 1595 ut
1050 1561 1082 1595 sse
1094 1545 1149 1595 iooo
1161 1540 1261 1609 quidem
1277 1542 1443 1597 mentiretur.

311 1617 385 1671 Idem
399 1622 536 1684 senonens,
548 1621 668 1686 clemens,
679 1625 825 1692 patierisque
834 1624 1012 1677 admirandum
1026 1626 1051 1675 in
1064 1621 1319 1688 sssodurrseuousolum
1332 1624 1440 1691 populi,

310 1701 355 1757 sed
371 1703 446 1753 uim
461 1703 701 1776 ansioormnsererrs
720 1705 836 1770 iniuriare
853 1710 881 1759 irs
896 1710 1032 1776 primisque
1045 1707 1176 1758 commissa
1196 1704 1289 1766 σιὶιιιι,
1308 1703 1377 1773 quod
1390 1706 1439 1757 s're·

309 1781 407 1835 tsrdsuss
423 1801 474 1836 ssoss
489 1787 570 1837 nebus
589 1787 708 1855 prodest,
727 1806 802 1856 psam
819 1789 909 1841 deserte
928 1788 1031 1854 disere5
1049 1787 1172 1840 studiosus
1193 1784 1321 1838 arundo
1335 1803 1368 1836 ex
1383 1785 1440 1840 lsoo

312 1868 378 1921 esim
386 1863 512 1935 facillime
524 1866 588 1919 disci
604 1867 778 1924 arbitrabatur.
791 1866 898 1923 Pleuem
912 1868 984 1922 illem
999 1879 1024 1922 et
1038 1868 1176 1940 perlectum
1188 1867 1351 1930 breuitetem,
1364 1886 1439 1937 quse

311 1952 351 1998 tot
367 1953 420 1997 tem
434 1945 519 2015 peucis
532 1944 654 2011 includit,
677 1947 705 2000 in
724 1950 811 2018 primo
826 1966 932 2021 quoque
949 1948 1091 2004 Alcibiedis
1111 1948 1192 2020 espite
1205 1945 1318 2018 reperire
1334 1955 1385 2012 este
1406 1958 1437 2004 et

311 2024 419 2080 cuilibet
431 2025 562 2094 Aristidis,
579 2027 752 2101 Thresybull,
775 2030 892 2084 Cimonis
912 2033 974 2086 vites
987 2030 1132 2098 evolventi,
1150 2028 1262 2101 plurime
1282 2026 1436 2086 huiusmodi

310 2119 454 2171 occurrent,
467 2107 562 2179 quibus
574 2112 679 2183 egregie
691 2110 841 2167 Sallustiani
853 2111 917 2185 styli
933 2113 1001 2167 ecies
1012 2113 1115 2166 emicet.
1132 2113 1192 2166 Vns
1206 2129 1281 2181 seepe
1300 2111 1435 2166 sententie

311 2188 372 2243 setis
387 2200 435 2253 est,
449 2208 517 2261 quse
533 2189 748 2247 absolutissimus
764 2192 827 2248 cleri
839 2193 888 2249 siri
900 2194 1041 2266 imepinem
1053 2196 1082 2248 in
1095 2195 1189 2247 animis
1199 2192 1352 2247 excitet.Sic
1362 2191 1433 2248 illud

311 2268 344 2325 de
358 2271 469 2326 Datame
482 2274 542 2329 vlt:
558 2275 615 2344 Quo
627 2280 712 2329 ιιιιιιιὶο
724 2276 880 2331 Arsameia
897 2290 1041 2341 commotus,
1054 2278 1122 2348 quod
1133 2276 1298 2347 iruelligedot,
1310 2275 1359 2328 ss'bs‘
1371 2294 1432 2330 cum

310 2356 447 2428 virosurte'
465 2377 497 2411 ee
515 2370 615 2412 eversio
626 2363 755 2430 negotium
771 2379 833 2429 esse,
847 2364 899 2433 qui,
918 2380 992 2432 qsesm
1015 2365 1158 2430 cogitasset,
1174 2361 1260 2431 [we
1279 2358 1391 2425 mdo«,
1403 2371 1433 2413 et

309 2439 377 2506 priris
387 2441 508 2511 cogitare,
518 2458 595 2509 quem
606 2446 692 2495 coners'
704 2454 846 2498 consuesset.
854 2444 926 2511 Ques
936 2440 979 2497 bic
991 2441 1130 2497 desiderari
1141 2451 1257 2514 possunt,
1270 2449 1300 2493 ut
1309 2437 1353 2493 ille
1364 2457 1431 2512 pru·

313 2517 405 2573 denter
418 2520 499 2575 eudes
517 2524 639 2577 Dutemes
651 2522 828 2594 intelligetur?

344 2600 396 2654 Sed
413 2603 440 2656 in
457 2603 506 2657 boe
519 2603 622 2659 dicendi
641 2623 735 2678 genere
752 2605 802 2659 boc
818 2607 954 2676 praecipue
976 2604 1142 2670 eruendum,
1164 2623 1198 2658 ne
1220 2604 1328 2674 scriptor
1349 2620 1432 2658 mum

309 2683 393 2754 potius
410 2684 545 2755 ingenium
559 2689 673 2757 prolerre
687 2686 759 2754 velit,
770 2706 849 2760 quem
863 2688 983 2743 intimem
996 2691 1075 2761 ipsius
1092 2691 1144 2744 viri
1164 2685 1286 2741 indolem.
1303 2685 1431 2757 Magnum

309 2765 381 2819 enim
395 2764 535 2821 discrimen
549 2771 655 2824 interest
669 2770 736 2825 inter
750 2789 820 2838 eum,
838 2771 883 2845 qni
896 2772 1012 2843 egregios
1032 2772 1100 2825 viros
1117 2769 1228 2843 propriis
1248 2786 1336 2822 eorum
1352 2769 1431 2823 tscsts

309 2845 437 2917 depingit,
455 2858 482 2901 et
493 2867 565 2916 eum,
577 2853 623 2925 qui
637 2855 688 2907 suis
703 2853 782 2925 ipsius
793 2851 876 2908 dictis.
888 2855 959 2907 Dum
976 2856 1059 2926 prior,
1069 2853 1170 2925 egregie
1183 2869 1299 2927 quaeque
1314 2850 1430 2906 seeinore

310 2937 337 2982 et
352 2945 420 2999 quse
431 2928 464 2980 ud
479 2947 564 2983 mores
582 2937 694 2988 mesime
717 2936 859 3006 pertinent,
880 2934 1034 3008 deligendo,
1055 2935 1143 2988 virum
1157 2936 1243 3004 ipsum
1260 2942 1319 2988 eote
1338 2933 1432 2989 oculos

310 3008 392 3079 ponit,
403 3019 428 3062 et
440 3027 490 3062 ιιιιι
503 3009 645 3084 sedemque
657 3012 715 3068 luce
728 3025 819 3070 cuncte
830 3016 974 3084 illuminet,
986 3017 1122 3089 posteoior,
1136 3015 1278 3070 viridiores
1290 3016 1432 3071 sententies

309 3090 475 3162 proferendo,
487 3102 514 3145 et
535 3111 551 3145 e
567 3094 653 3149 verbis
675 3099 746 3166 ignes
763 3100 835 3167 qussi
857 3099 1019 3166 exeredendo,
1038 3097 1161 3153 scintillas
1185 3099 1292 3170 quidem
1307 3096 1389 3162 elicit,
1403 3107 1430 3155 el

314 3192 381 3245 quse
394 3193 580 3244 nonnunqusm
604 3179 783 3249 perstringunt
807 3181 904 3252 potius,
920 3200 998 3252 quom
1020 3180 1154 3236 illustrent.
1165 3183 1233 3253 Ergo
1249 3180 1353 3247 indolis,
1365 3199 1431 3234 mo·

310 3270 378 3320 runs,
392 3264 468 3325 etque
481 3256 591 3309 omnino
608 3257 721 3310 veritatis
733 3258 914 3315 describendee
931 3263 1039 3326 ratione,
1056 3281 1123 3334 quse
1144 3261 1280 3334 praecipue
1298 3269 1345 3328 est,
1362 3259 1430 3313 Plu·

311 3334 428 3389 tnrchum
446 3336 543 3409 Nepote
560 3337 646 3391 multo
667 3341 792 3393 maiorem
808 3341 940 3411 erbitror3
959 3353 1035 3416 etque
1057 3355 1086 3398 ut
1108 3344 1326 3414 ingeniosissime,
1343 3343 1382 3397 sic
1399 3350 1429 3396 et

309 3416 411 3485 optimo
429 3415 484 3469 iure
505 3415 537 3471 de
558 3435 589 3471 eo
611 3417 726 3494 locutum
740 3419 872 3475 Gettieum
889 3423 1039 3494 scriptorem
1063 3442 1173 3491 censeo,
1193 3424 1265 3477 cuius
1279 3421 1357 3477 verbe
1384 3422 1431 3478 bic

309 3499 460 3551 transferam
472 3501 539 3568 (Ess.
551 3518 595 3554 sur
611 3499 648 3556 les
660 3500 754 3573 Eloges
767 3503 812 3558 cb.
824 3505 883 3573 tx).

345 3582 516 3651 uAppareasst
526 3582 589 3636 mibi
602 3586 688 3655 magni
699 3588 809 3636 omnium
821 3598 930 3640 oetowm
946 3590 1008 3640 viri:
1024 3605 1067 3641 eos
1080 3589 1178 3650 videre,
1192 3603 1246 3638 oum
1265 3587 1301 3635 eie
1312 3581 1431 3654 colloqui

309 3662 380 3727 volo,
393 3663 526 3733 inquiebet
547 3663 580 3718 ed
602 3666 727 3720 ismosem
744 3665 771 3720 in
782 3670 892 3723 Oriente
912 3670 1052 3740 quemdem
1073 3679 1168 3734 vetem,
1180 3684 1247 3740 quse
1260 3673 1377 3718 mortuos
1390 3685 1430 3725 ex

308 3744 397 3798 inieris
411 3746 519 3800 extitere
531 3767 602 3819 posse
616 3750 766 3821 putabatur,
781 3748 889 3821 quidem
906 3751 998 3807 excelsi
1013 3752 1095 3805 enimi
1112 3765 1302 3824 generoseequs
1323 3754 1429 3807 mentis

309 3824 465 3896 sdoleseens,
488 3832 533 3901 qni
559 3850 619 3885 mos
640 3842 792 3903 regressurus
815 3843 879 3889 eret.
902 3837 973 3887 Turn
997 3835 1099 3904 sepiens
1119 3835 1160 3887 sir
1179 3830 1266 3885 nescio
1285 3829 1355 3902 quis,
1369 3850 1427 3888 non

307 3910 397 3979 procul
413 3911 474 3966 hinc
487 3915 602 3985 ignotem
615 3916 696 3970 vitem
712 3918 808 3988 spitsre
822 3914 921 3974 solituss
939 3917 1015 3988 Quod
1028 3922 1105 3989 petis,
1124 3915 1170 3981 eit,
1189 3934 1238 3986 ego
1254 3917 1360 3987 faeiem·
1378 3918 1428 3974 Ere

307 3988 399 4046 librum
412 3994 476 4050 burso
494 3998 561 4069 lege,
573 4011 598 4051 et
613 4017 677 4070 quse
696 4003 785 4053 visust
806 3999 848 4053 ieie
861 4012 965 4065 mortes,
981 4002 1095 4054 astemus
1110 3997 1248 4065 numidam
1270 3999 1330 4052 druse
1342 3998 1426 4070 leges,

306 4073 500 4149 droumwgere
511 4081 627 4150 ingresse
642 4081 892 4147 uebrssssirsbsrs's,
907 4078 1426 4156 wuumpeedbeerebsustffltdedit

305 4151 463 4214 edolcscenti
474 4157 556 4215 Vtra
567 4158 714 4236 philosophi
725 4162 902 4223 Cbmoneia
