3352 5572
709 464 933 529 vantonvtt
1129 474 1134 482 ·
1293 454 1384 564 417

272 665 411 720 arbitratur
427 657 466 735 (in
483 683 534 738 qua
548 664 675 720 sententia
688 667 766 720 etiam
784 677 822 720 est
834 666 883 723 cel.
900 668 990 720 Saaius
1017 666 1044 718 in
1066 664 1168 721 doctiss.
1187 666 1280 739 disput.
1290 668 1323 722 de
1344 669 1393 722 dea

276 745 424 817 Angerona.
446 764 473 818 p.
497 753 559 810 6,7.
572 745 665 801 Vltrai.
680 752 757 814 4766,
773 747 828 810 ubi,
851 748 916 816 Quis
933 747 1056 812 militem,
1071 747 1163 818 inquit,
1179 747 1306 801 Graecum
1324 767 1392 820 genu

274 829 342 882 flexo
358 829 528 902 oppositoque
546 827 634 901 clypei
651 828 713 881 orbe
726 829 755 882 ia
779 829 891 900 gemmis
906 830 1011 901 passim,
1025 828 1105 882 veluti
1123 831 1151 882 in
1180 832 1294 884 Goriana
1306 832 1392 887 Musei

273 909 418 964 Florentini
431 922 496 964 tom.
515 919 524 963 t
531 949 540 975 ,
554 911 604 966 tab.
618 916 661 974 26,
675 928 702 962 n.
722 919 764 973 tt,
778 910 885 965 obvium
903 911 1042 978 intueatur,
1055 929 1103 963 nec
1120 909 1246 964 Chabriae
1263 914 1362 966 inventi
1380 933 1395 968 a

273 989 380 1043 Comei.
388 990 496 1059 Nepote,
513 989 610 1046 Chabr.
633 998 659 1055 t,
681 990 803 1064 descripti
816 1000 960 1064 opportune
985 993 1158 1046 meminerit?
1182 993 1257 1047 cuius
1283 995 1396 1049 vicissim

274 1071 406 1141 scriptoris
423 1069 543 1136 formula,
559 1072 650 1126 οόηἱτο
663 1085 803 1144 genusouto
816 1092 868 1127 non
881 1071 984 1127 aliunde
999 1074 1093 1127 clarius
1109 1076 1265 1147 certiusque,
1280 1093 1396 1146 quamex

277 1151 426 1206 huiusmodi
433 1155 567 1224 signorum
579 1153 803 1225 statibusintelligi
810 1158 915 1225 potest).
926 1155 993 1209 lbid.
1005 1156 1122 1226 Lessing.
1136 1155 1225 1209 locum
1239 1157 1398 1228 interpunxit

277 1233 370 1286 alnido
381 1252 455 1303 genu,
468 1248 543 1299 soato,
553 1239 713 1307 proiectaque
724 1235 797 1289 basta
809 1238 928 1308 impetam
942 1236 1018 1289 bostis
1030 1227 1133 1304 ealcipit.
1144 1237 1201 1304 Qua
1211 1234 1243 1288 de
1258 1253 1286 1288 re
1304 1254 1397 1306 magna

276 1311 320 1378 lis,
335 1333 415 1385 quam
428 1314 551 1370 dirimere
558 1316 631 1382 nolo,
645 1327 701 1371 orta
714 1321 816 1386 est.(Et
826 1317 950 1388 particula
964 1337 1009 1389 que
1022 1316 1094 1371 abeat
1106 1336 1120 1369 a
1130 1316 1205 1371 codd.
1220 1316 1280 1370 bine
1297 1318 1398 1371 allusio

280 1404 357 1466 atque
366 1397 490 1470 Heusing.
503 1399 577 1454 uncis
593 1407 631 1452 est
647 1397 765 1468 inclusa).
780 1398 908 1454 Dissensit
920 1399 1007 1463 Klotz,
1018 1401 1124 1453 inuictis
1137 1399 1188 1453 list,
1202 1399 1257 1452 vol.
1269 1399 1313 1464 ΙΙΙ,
1330 1409 1395 1468 part.

280 1481 353 1544 33et
368 1478 460 1550 Ileyne
478 1479 511 1533 V.
528 1481 557 1535 C.
575 1484 666 1552 (quem
684 1481 761 1532 luisse
772 1497 914 1547 censorem,
928 1482 1068 1551 suspicor),
1081 1483 1108 1534 in
1116 1481 1299 1551 Gottingtlct.
1313 1477 1396 1535 litter.

278 1555 314 1610 bl.
334 1561 393 1622 ⁴30,
411 1565 485 1615 4768.
503 1562 584 1614 Suam
601 1579 663 1615 uero
676 1561 832 1614 sententiam
848 1571 875 1614 et
892 1579 1000 1614 omnem
1014 1564 1218 1616 controversiam
1229 1560 1334 1614 uberius
1351 1581 1398 1615 ex·

278 1636 377 1708 plicuit,
399 1641 514 1696 Cornelii
532 1643 619 1696 locum
637 1652 799 1713 statuamque
820 1645 923 1714 copiose
939 1643 1086 1705 illustrauit,
1103 1653 1139 1708 et,
1157 1660 1222 1712 quae
1245 1643 1397 1714 scripserat,

280 1722 676 1794 retractavitLessingin'Bs-ielen
690 1724 816 1791 antiquar.
829 1722 934 1787 Inhalts,
954 1733 974 1778 t.
987 1725 1010 1786 l,
1023 1742 1048 1795 p.
1063 1729 1094 1777 97
1102 1741 1143 1794 sq.
1156 1725 1264 1790 tom.ll,
1278 1741 1305 1795 p.
1319 1728 1397 1793 t·5tt;

279 1818 361 1872 quens
383 1802 452 1856 vide.
473 1802 548 1857 Adde
565 1802 693 1874 Schlegel.
711 1821 736 1874 p.
757 1808 799 1857 8⁰.
813 1803 852 1858 Cl.
870 1805 911 1858 Io.
938 1804 1018 1858 Gottt.
1036 1804 1166 1868 Lindaer,
1179 1806 1252 1860 lieet.
1274 1805 1398 1861 drnstad.

279 1883 307 1935 in
325 1883 448 1953 peculiari
466 1894 633 1938 commentat.
650 1904 669 1938 a.
680 1886 830 1939 tentaminis
847 1883 1101 1957 critico-philologici
1118 1893 1183 1955 part.
1205 1887 1252 1949 ΙΙΙ,
1275 1884 1396 1939 Amatad.

282 1970 361 2030 tata,
375 1971 401 2030 4,
413 1973 497 2018 totum
514 1964 584 2018 hunc
597 1964 685 2019 locum
706 1966 810 2022 uberius
826 1970 942 2038 exponit,
960 1977 998 2032 et,
1018 1975 1076 2038 post
1089 1965 1256 2030 examinatur,
1272 1966 1399 2037 Lessingii

278 2046 425 2116 praecipue,
438 2047 672 2117 interpretationes,
688 2047 857 2119 gladiatorem
870 2046 1008 2118 Borghens.
1034 2047 1108 2102 docet
1122 2067 1177 2101 esse
1197 2049 1326 2118 pugilem
1341 2059 1398 2102 tum

279 2127 424 2182 Diodorum
434 2128 560 2194 Siculum,
572 2128 713 2184 secundum
721 2148 797 2200 quem
812 2130 887 2184 iussit
895 2127 1024 2194 Chabrias,
1038 2129 1135 2183 milites
1147 2130 1174 2184 s's
1186 2129 1252 2205 ὀρθῷ
1259 2134 1294 2202 τῷ
1307 2128 1398 2203 δόρατι
1502 2147 1504 2151 ·

279 2209 362 2279 platta
386 2219 413 2263 et
432 2210 553 2281 dlxscdut
572 2213 629 2275 τοὺς
644 2210 777 2282 πολεμίους
794 2211 1068 2286 καταπεφρονηκότως,
1090 2221 1224 2282 sequutus,
1246 2209 1395 2276 arbitratur,

282 2291 441 2363 Agesilaum,
455 2313 535 2364 quum
550 2293 658 2349 vidisset
674 2294 800 2349 Chabriae
821 2293 917 2348 milites
938 2303 1042 2358 stantes,
1066 2302 1093 2346 et
1108 2303 1180 2347 sessto
1202 2311 1286 2364 neque
1308 2303 1404 2364 pectas

282 2390 366 2442 neque
380 2385 455 2446 caput
465 2383 590 2447 tegentes.
603 2376 649 2430 sed
662 2376 690 2430 id
707 2372 878 2447 negligenter,
894 2375 969 2446 quasi
986 2375 1186 2445 requiescentes,
1203 2373 1234 2426 ad
1253 2391 1321 2445 genu
1336 2374 1398 2427 sini·

280 2464 361 2509 struas
374 2456 487 2512 locantes
499 2469 543 2512 aut
555 2457 720 2513 demittentes
728 2468 772 2513 aut
785 2456 880 2511 obnixo
891 2474 961 2528 genu
974 2465 1104 2527 gerentes,
1115 2454 1213 2509 hastam
1223 2454 1334 2525 denique
1344 2474 1397 2508 non

280 2533 360 2598 itaut
377 2535 477 2590 hostem
494 2546 579 2591 essent
591 2541 734 2609 excepturi,
748 2548 904 2610 porrectam,
919 2534 964 2590 sed
982 2535 1023 2591 vel
1038 2535 1159 2598 mediam,
1179 2533 1220 2589 vel
1233 2545 1343 2599 rectam,
1353 2533 1398 2589 ael

283 2615 376 2673 leviter
396 2630 492 2673 terram
509 2638 598 2674 versus
620 2618 783 2685 inclinatam,
804 2637 884 2672 mana
901 2616 988 2672 dextra
1009 2626 1136 2682 tenentes,
1152 2616 1303 2687 Agesilaum
1319 2617 1400 2686 igitur

280 2696 356 2752 illum
369 2698 484 2755 militum
495 2710 590 2757 statum
603 2701 721 2756 habuisse
736 2710 900 2772 stratagema,
909 2718 963 2771 quo
977 2697 1185 2770 nedeciperetur.
1198 2708 1223 2751 et
1240 2698 1397 2762 vinceretur,

281 2781 341 2834 tuba
353 2801 413 2837 suos
425 2801 567 2839 aerucam.
581 2784 726 2838 Enimvero
741 2784 773 2837 ah
791 2783 838 2837 hae
849 2781 969 2854 quamvis
980 2781 1114 2851 ingeniosa
1130 2789 1157 2833 et
1163 2789 1234 2832 acuta
1242 2781 1400 2852 expositione

262 2860 263 2863 ’
281 2862 458 2933 amplectenda
475 2884 517 2920 sne
529 2865 636 2920 dubium
650 2868 763 2921 retinent
784 2863 863 2918 uerba
880 2862 1013 2926 Cornelii,
1026 2867 1143 2934 impetum
1159 2864 1274 2933 excipere
1293 2862 1399 2915 Ιιωιὶυπι

281 2944 372 2999 doerit.
389 2947 539 3018 Comparari
553 2948 639 3002 forsan
652 2957 735 3019 potest
756 2941 828 3001 locas
845 2942 943 3000 Valerii
961 2942 1047 2997 Flacci
1062 2943 1160 3014 Argon.
1182 2944 1294 3007 v1‚2tt
1311 2962 1350 3015 sq.
1365 2941 1399 2996 de

281 3027 410 3099 equitibus
422 3029 547 3082 Sarmatis
559 3030 617 3097 (ubi
630 3029 690 3085 vide
702 3031 867 3097 Burmann.):
879 3027 915 3081 ld
926 3043 1019 3097 quoque
1027 3037 1126 3096 tegmen
1135 3027 1211 3096 equis,
1225 3037 1253 3076 at
1265 3028 1320 3095 equs*
1333 3042 1398 3093 por·

282 3121 349 3161 recta
360 3128 406 3181 per
416 3129 505 3164 mmor.
516 3111 555 3164 Et
568 3123 640 3181 capeat
648 3116 777 3183 ingentem
790 3108 1019 3181 campisltoatilibua
1027 3107 1137 3159 andrum
1151 3105 1213 3159 Fert
1226 3107 1292 3157 abies
1304 3104 1400 3156 obtusa

281 3204 358 3256 genu,
377 3197 427 3244 eto.
444 3207 510 3261 quae
527 3192 563 3243 ita
579 3193 762 3262 interpretatur
776 3194 864 3244 burm.
877 3199 1047 3259 contos,quos
1060 3188 1159 3256 equites
1175 3188 1308 3238 Sarmatae
1325 3199 1400 3252 gere·

281 3266 352 3333 bant,
364 3280 494 3341 porrectos
504 3273 674 3343 prominuisse
687 3291 733 3344 per
745 3290 830 3326 armos
839 3279 865 3325 et
875 3270 956 3340 capita
972 3287 1111 3342 equorum,
1122 3276 1149 3319 et
1162 3265 1269 3336 genibus
1282 3266 1400 3332 equitum

282 3361 434 3406 sustentatos
450 3365 478 3408 et
496 3355 606 3409 innixos.
624 3355 689 3410 lbid.
706 3356 793 3408 Burm.
806 3350 1001 3412 laudatSilium
1014 3350 1071 3405 ltal.
1092 3349 1152 3410 XV,
1171 3352 1236 3400 686:
1256 3344 1400 3399 Sustentata

281 3451 347 3504 genu
356 3453 402 3506 per
417 3453 533 3506 campana
554 3436 669 3508 pondera
681 3439 749 3490 eunti
763 3433 908 3498 Sarmatici,
919 3452 1001 3503 prona
1014 3434 1130 3484 aduersos
1151 3429 1254 3498 sugebat
1271 3430 1297 3478 t'u
1309 3426 1401 3479 hostes.

281 3515 388 3570 Novum
405 3515 710 3590 Chabriaaigiturt'orssn
721 3517 750 3571 id
762 3525 825 3580 crat,
840 3514 909 3588 qaod
924 3517 1037 3577 iusserit,
1053 3519 1123 3564 acuta
1133 3509 1241 3581 genibus
1248 3518 1401 3572 sustentare,

282 3597 365 3654 hastas
380 3608 516 3670 porrectas,
530 3619 633 3673 pronas,
645 3601 674 3657 ia
686 3599 773 3656 hostes
785 3599 945 3663 incursuros,
962 3606 1148 3665 tenere,eoqae
1156 3591 1273 3662 excipere
1286 3591 1400 3646 hostium

286 3682 423 3752 impetum.
437 3679 543 3736 Harles.

311 3827 466 3900 'Truornsas
480 3847 528 3913 IV,
541 3863 567 3918 p.
578 3851 637 3903 tta.
650 3847 838 3901 Haeeeetrema
845 3843 897 3915 siu't
906 3856 981 3895 aetas.
991 3843 1048 3908 Qua
1056 3833 1188 3908 Philippus
1201 3835 1397 3900 Macedonibus,

284 3931 310 3977 et
327 3925 471 3998 Dionysius
486 3930 655 3999 Syracusanis
667 3925 849 3999 imperitabat,
861 3940 963 3995 quaque
975 3920 1143 3974 Athenienses
1154 3937 1215 3972 cum
1228 3920 1303 3973 sociis
1316 3917 1399 3980 Chiis,

284 4003 401 4073 Rhodiis,
416 4009 486 4073 Cois,
500 4019 525 4063 et
538 4009 698 4081 Byzantinis,
709 4009 757 4080 qui
770 4005 804 4060 ab
820 4009 858 4061 eis
872 4004 1026 4069 deiecerant,
1038 3999 1145 4067 bellum,
1159 3999 1400 4064 dacibusChabria,

284 4083 407 4153 Charete,
425 4089 553 4160 iphicrate
567 4101 594 4145 et
609 4089 763 4155 Timotheo,
776 4087 908 4160 gerebant,
933 4083 1003 4156 quod
1020 4085 1113 4138 sociale
1129 4081 1278 4155 appellatur,
1292 4093 1318 4136 et
1334 4099 1403 4136 sano

285 4177 389 4240 quarto,
407 4181 477 4226 netu
494 4175 625 4244 potentiae
634 4171 703 4243 regis
715 4175 862 4236 Persarum,
877 4186 956 4240 quem
968 4167 1064 4223 Cbares
1076 4166 1171 4222 iniuria
1180 4165 1299 4221 affectum
1311 4173 1404 4220 eontra

284 4248 457 4310 Athenienses
477 4261 679 4325 provocaverat,
696 4254 788 4324 aequis
807 4249 998 4312 conditionibus
1014 4250 1199 4328 [conpositum
1215 4257 1264 4304 est.
1282 4248 1314 4303 td
1328 4245 1414 4319 qaod.

388 4386 481 4473 Con.
504 4391 596 4477 Nar.
1236 4385 1300 4464 Dd
