3352 5572
440 430 551 562 ‚296
889 453 1111 522 uruuuuc

449 665 560 777 perio
578 665 682 773 apud
708 666 916 742 exercitum
927 662 1124 757 haberent,
1136 663 1307 769 itemque
1318 662 1475 744 fratrem
1494 666 1577 747 eins

448 789 662 892 Magonem.
706 785 788 860 Hoc
823 808 1006 889 responso
1039 782 1367 891 Carthaginienses
1398 788 1578 891 cognito,

449 901 700 980 Hannibalem
731 901 887 978 domum
913 904 1190 1007 Magonemque
1217 922 1455 983 revocarunt.
1491 907 1579 982 Huc

450 1039 495 1098 ut
521 1020 660 1111 rediit,
682 1024 698 1072 ⁵
716 1028 875 1126 praetor
903 1021 1025 1100 factus
1044 1035 1112 1112 est,
1127 1038 1329 1127 postquam
1357 1047 1424 1096 rea
1438 1021 1580 1115 fuerat,

452 1166 555 1217 anno
575 1136 746 1216 secundo
772 1155 810 1215 et
836 1138 1024 1214 vicesimo.
1045 1140 1097 1211 Vt
1116 1141 1216 1216 euim
1232 1142 1372 1215 Romae
1389 1139 1578 1233 consules,

450 1258 504 1337 sic
530 1257 757 1359 Carthagine
775 1258 985 1362 quotannis
1012 1258 1131 1332 annui
1148 1259 1228 1332 bini
1239 1283 1345 1360 reges
1362 1256 1578 1333 ⁶creaban-

449 1393 525 1453 tur.
539 1378 583 1450 In
604 1399 650 1449 co
668 1377 886 1477 magistratu
898 1376 981 1480 pari
996 1371 1189 1479 diligentia
1203 1400 1242 1450 sc
1260 1373 1450 1449 Hannibal
1464 1401 1578 1479 prae-

450 1491 551 1585 buit,
572 1518 616 1567 ac
642 1488 770 1567 fuerat
780 1493 820 1566 in
838 1488 963 1567 bello:
989 1517 1154 1598 namque
1174 1491 1314 1585 effecit,
1338 1492 1498 1566 exnovis
1511 1517 1578 1566 ve-

450 1608 650 1714 ctigalibus
676 1633 756 1685 non
774 1605 897 1685 solum
915 1622 959 1683 ut
986 1624 1081 1685 esset
1107 1610 1281 1714 pecunia,
1307 1633 1405 1710 qnae
1430 1609 1573 1685 Roma·

448 1726 509 1801 nis
527 1750 574 1799 ex
593 1721 751 1802 foedere
769 1722 1016 1828 penderetur,
1029 1723 1217 1800 sedetiam
1238 1739 1461 1830 superesset,
1477 1750 1578 1826 qnae

448 1844 492 1918 in
511 1844 659 1919 aenaria
687 1858 952 1947 reponeretur.
979 1840 1140 1933 Deinde,
1168 1869 1271 1918 anno
1296 1857 1381 1946 post
1406 1859 1569 1945 praetu-

450 1986 543 2053 ram,
563 1961 695 2035 Marco
722 1957 891 2058 Claudio,
915 1961 1037 2037 Lucio
1056 1961 1172 2037 Furio
1197 1961 1319 2052 Cosa,
1338 1961 1495 2037 Romani
1521 1957 1575 2035 le·
1603 2018 1606 2023 .

450 2078 526 2182 gati
542 2077 808 2182 Carthaginem
834 2091 1035 2154 venerunt.
1054 2083 1068 2130 ⁷
1087 2078 1164 2154 Hos
1177 2077 1366 2154 Hannibal
1385 2079 1443 2154 sui
1460 2103 1575 2184 expo·

452 2196 580 2271 scendi
598 2196 717 2300 gratia
743 2197 871 2271 missos
898 2211 1016 2289 ratus,
1039 2195 1262 2299 priusquam
1275 2195 1334 2272 his
1346 2194 1577 2273 senatnsda·

441 2308 586 2408 retur,
612 2314 781 2390 ⁸navein
806 2311 1031 2390 conscendit
1055 2313 1164 2407 clam,
1184 2320 1302 2417 atque
1319 2312 1576 2417 inSyriamad

447 2432 680 2510 Antiochum
709 2430 890 2535 profugit.
916 2431 995 2506 Hac
1014 2456 1057 2506 re
1083 2429 1210 2536 palam
1238 2429 1348 2523 facta,
1363 2433 1482 2509 Poeni
1500 2458 1573 2506 na·

447 2576 512 2628 res
530 2548 637 2639 duas,
656 2574 754 2651 quae
773 2575 859 2625 eum
876 2547 1258 2654 comprehenderent,
1271 2549 1300 2624 si
1321 2562 1572 2650 possentconss

448 2667 571 2769 sequi,
597 2663 809 2740 miserunt:
836 2664 938 2741 bona
970 2667 1050 2742 eius
1067 2666 1337 2771 publicarunt:
1371 2665 1526 2745 domum
1552 2694 1575 2740 a

446 2779 705 2857 fundamentis
724 2780 981 2872 disiecerunt,
997 2784 1151 2888 ⁹ipsum
1170 2783 1318 2862 exulem
1345 2785 1572 2860 iudicarunt.

498 2894 599 2967 v111.
633 2896 682 2967 At
709 2895 902 2972 Hannibal
930 2922 1029 2974 anno
1056 2903 1192 2994 tertio,
1224 2916 1423 3008 postquam
1460 2898 1575 2977 domo

446 3006 685 3119 profugerat,
709 3013 752 3087 L.
772 3013 964 3108 Cornelio,
980 3015 1124 3110 Quinto
1150 3019 1317 3095 Minucio
1343 3019 1457 3109 Coss,
1485 3043 1574 3092 curn

444 3237 577 3314 genubus,
589 3237 700 3292 Fabium
720 3254 819 3293 nomen
833 3257 880 3311 pro
897 3239 985 3296 Fabiis
1071 3245 1219 3323 (7)th
1239 3246 1422 3320 cmuaguem
1442 3257 1573 3299 veronae.

447 3343 523 3396 aaepe
533 3334 647 3397 usurpat.
1036 3327 1104 3380 Vide
1115 3328 1229 3392 Livium,
1240 3330 1368 3384 Iustinum
1379 3338 1404 3383 et
1417 3327 1573 3399 Appianum,

481 3415 524 3483 (5)
547 3411 606 3466 Huc
629 3423 656 3465 ut
681 3411 767 3465 rediit.
791 3410 984 3483 Carthaginem.
1035 3412 1156 3484 Syriacis.

447 3495 577 3552 amutal
593 3495 648 3568 ipae
661 3495 690 3550 In
704 3498 838 3550 conciones
858 3496 984 3551 rNovem
1170 3546 1176 3559 ,
1314 3548 1319 3560 ,

446 3597 576 3634 annorum
588 3598 605 3633 a
618 3578 691 3634 vohis
700 3579 854 3651 praefectus,
868 3588 927 3652 post
939 3578 985 3634 tri·
1070 3548 1111 3645 (Ρ)
1123 3544 1277 3616 Pm‘lwm
1291 3547 1333 3598 ’ω
1347 3554 1443 3596 ”m
1451 3539 1571 3676 ¹1¹&in

447 3666 577 3736 gesimam
589 3673 691 3720 eertum
703 3682 801 3719 uuum
813 3662 911 3720 redita
926 3664 985 3719 Liv.
1036 3631 1131 3728 ΜΨ
1152 3629 1185 3685 ²¹¹
1194 3639 1336 3730 ,mlum
1360 3631 1400 3682 lu
1416 3629 1450 3722 δ’,
1471 3632 1567 3676 ⁰³²¹⁰⁸'

446 3750 522 3807 m
551 3749 642 3806 37.-
653 3748 764 3804 pem
779 3751 870 3822 sm,
886 3761 928 3802 m
947 3749 985 3803 lu
1039 3717 1269 3776 rDreconstrtuto.
1281 3704 1571 3778 unatusutrnqueda·

446 3789 535 3888 Licini
547 3833 670 3898 XXXIII,
680 3840 724 3890 ⁴6.
735 3833 848 3887 lustinus
854 3831 985 3887 Eannibe·
1036 3808 1109 3856 lum
1127 3798 1245 3872 Ῑψὼ·
1258 3799 1325 3853 xm·

446 3917 501 3972 Iem
512 3915 647 3974 comedent
654 3917 797 3972 turnsuiase
807 3916 986 3984 air,xxx1,2.
1069 3921 1113 3992 (9)
1125 3920 1236 3974 Donum
1252 3915 1448 3994 asnudameuttr
1461 3910 1571 3964 disiece-

482 4004 525 4072 (6)
543 4002 638 4075 Reges.
657 4001 913 4074 Carthaginensium
927 4001 983 4056 vaf·
1036 4016 1102 4059 rwrt.
1129 4006 1266 4076 Tanquam
1292 3999 1433 4055 maiestatis
1460 3996 1509 4049 rei:
1536 3995 1572 4048 ita

447 4086 512 4140 fetes
528 4097 616 4142 noster
631 4103 706 4160 reges
725 4066 848 4160 appellat.
863 4088 986 4140 Ceterum
1035 4086 1114 4140 etiam
1131 4085 1248 4140 solebant
1259 4084 1380 4138 Romani.
1396 4077 1572 4133 Lacedaemo·

447 4170 476 4224 in
485 4169 684 4244 interpretanda
697 4191 763 4229 voca
778 4173 875 4228 Punica
893 4171 985 4244 urfica,
1036 4167 1073 4221 nii
1089 4185 1192 4240 quoque
1213 4164 1381 4238 Leotychidi·
1397 4161 1512 4233 profugi,
1529 4158 1572 4211 el·

448 4269 541 4328 patum
564 4256 633 4328 Ipsca
655 4255 705 4313 sibi
727 4256 870 4317 constitbre
886 4267 986 4314 veteres
1035 4252 1097 4306 deur
1112 4251 1218 4307 crimini
1233 4237 1327 4314 affinis,
1342 4249 1453 4303 domurn
1469 4241 1573 4300 excide·

448 4344 561 4409 apparet.
1035 4344 1105 4395 runt.
1118 4334 1213 4393 IIerod.
1228 4334 1271 4402 vt.
1285 4338 1325 4392 7².
