3352 5572
196 436 292 536 25⁶
484 536 491 547 ,
662 413 856 525 sanuses

192 675 266 753 hus
283 675 356 749 iam
375 665 557 758 valentes,
574 690 662 743 cum
682 664 821 770 quihus
834 667 869 744 ei
882 664 1092 742 desummis
1109 664 1224 746 rebus
1231 671 1319 757 erat

87 830 91 837 ·
192 786 457 868 dimicandum.
475 784 551 861 Sed
569 810 649 861 non
659 786 756 884 passi
775 800 865 897 sunt
882 783 935 877 hi,
953 786 1020 885 qui
1033 785 1135 861 circs
1147 793 1318 879 erente‘

148 954 154 973 ι
193 904 301 1015 quod
314 902 504 996 videbant,
516 902 684 977 Eumene
698 918 865 1002 recepto,
881 924 1110 1005 omuesprae
1124 899 1190 977 illo
1206 904 1318 1008 parri

191 1024 353 1102 futuros.
378 1024 465 1126 Ipse
493 1035 620 1094 autem
646 1019 859 1121 Antigonus
892 1015 987 1093 adeo
1016 1034 1100 1094 erat
1123 1020 1318 1114 incensus,

191 1155 237 1216 ut
262 1140 333 1216 nisi
354 1161 489 1239 magna
522 1138 614 1239 spe⁶
632 1137 877 1211 maximarum
907 1161 1059 1228 rerum,
1089 1132 1202 1213 leniri
1231 1163 1319 1217 non

190 1275 482 1477 P⁰⁵Xfflssaqffl
498 1398 617 1476 quum
643 1397 728 1448 eum
749 1374 792 1481 iu
821 1371 1031 1450 custodiam
1049 1373 1224 1472 dedisset,
1243 1381 1255 1426 ⁴
1275 1390 1321 1453 et

192 1494 411 1597 praefectus
429 1487 628 1566 custodum
645 1493 864 1595 quaesisset,
883 1490 1203 1593 quemadmodum
1225 1517 1313 1568 ser-

189 1614 273 1689 vari
295 1608 442 1688 vellet?
461 1623 506 1684 ut
524 1610 763 1702 acerrimum,
787 1610 927 1712 inquit,
943 1608 1105 1703 leonem,
1123 1626 1189 1687 aut
1207 1608 1319 1688 fero-

192 1731 382 1807 cissimum
401 1726 655 1831 dephantum.
674 1725 854 1802 Nondum
875 1728 975 1801 enim
1002 1743 1205 1825 statuerat,
1235 1755 1319 1805 ser-

190 1864 301 1923 varet
332 1873 439 1938 eum,
463 1868 536 1919 nec
562 1869 623 1918 ne.
651 1842 840 1918 Veniebat
873 1859 1000 1919 autem
1024 1841 1074 1918 ad
1104 1846 1318 1921 Eumenem

191 1979 400 2067 utrumque
428 1988 546 2067 genus
567 1960 786 2054 hominum;
805 1964 820 2012 ²
839 1977 877 2036 et
897 1964 965 2063 qui
985 1976 1144 2067 propter
1179 1960 1319 2039 odium

190 2077 361 2159 fructum
387 2078 507 2156 oculis
539 2105 584 2155 ex
611 2079 692 2154 eius
711 2104 801 2155 casu
819 2105 955 2179 capere
981 2077 1144 2170 vellent,
1169 2094 1208 2154 et
1243 2082 1318 2178 qui

190 2207 349 2299 propter
384 2212 549 2274 veterem
586 2196 784 2270 amicitiem
818 2193 1009 2295 colloqui,
1045 2192 1314 2296 consolarique

190 2325 388 2414 cuperentt
429 2306 541 2384 multi
568 2311 693 2401 etiam,
712 2312 780 2413 qui
801 2312 881 2386 eius
907 2307 1069 2384 formam
1085 2334 1317 2413 cognoscere

190 2425 404 2524 studebant,
423 2423 547 2530 qualis
568 2442 676 2522 esset,
701 2452 818 2530 quem
838 2425 1001 2518 tamdiu,
1027 2433 1184 2529 tamque
1203 2423 1316 2504 valde

188 2543 412 2637 timuissent,
432 2546 538 2620 cuius
556 2544 596 2618 iu
618 2545 784 2648 pernicie
798 2547 956 2648 positam
967 2567 1071 2649 spem
1092 2542 1313 2620 habuissent

187 2663 380 2741 victoria'e.
399 2666 451 2737 At
468 2663 668 2751 Eumenes,
686 2688 807 2766 quum
816 2662 956 2739 diutius
974 2663 1017 2737 iu
1033 2660 1195 2740 vinculis
1204 2678 1317 2756 esset,

191 2778 243 2851 ait
262 2779 526 2868 Onomarcho,
545 2803 663 2881 penes
689 2800 803 2882 quem
816 2803 959 2855 summa
978 2779 1126 2884 imperii
1144 2796 1226 2855 erat
1243 2804 1315 2855 cn-

190 2894 358 2995 stotliae,
378 2922 417 2972 se
435 2898 577 2988 mirari,
597 2922 718 3000 quare
742 2897 817 2971 iam
839 2898 993 2973 tertium
1010 2895 1110 2972 diem
1129 2898 1183 2973 sic
1212 2912 1314 2975 teue-

190 3163 246 3217 ma,
260 3167 354 3224 quum,
367 3167 434 3223 quas
451 3148 483 3204 (le
502 3150 577 3204 rebus
589 3151 726 3222 praemise·
776 3158 882 3223 propter
907 3159 1023 3205 veterem
1047 3149 1270 3219 familiaritatem,
1284 3151 1315 3206 in

186 3244 240 3317 tat,
254 3236 285 3291 ad
298 3235 417 3291 homiues
431 3245 541 3292 revocat.
555 3264 588 3278 -
602 3233 725 3302 δάκω,
776 3254 855 3291 suum
871 3245 1037 3308 conspectum
1053 3240 1143 3294 venire
1160 3257 1214 3295 non
1235 3239 1316 3293 susti·

191 3318 370 3395 hnmaehm,
399 3328 448 3375 etc.
477 3320 600 3374 Seleucus
622 3319 726 3375 tenebat
776 3321 835 3374 nuit
857 3322 1011 3392 Antigonus.
1027 3324 1107 3375 'l'este
1120 3324 1182 3376 lust.
1198 3332 1226 3377 et
1242 3321 1312 3377 Plut.

188 3402 372 3475 Babyloniam,
384 3402 554 3475 Lysimachus
568 3403 726 3466 Thraciam,
778 3404 969 3481 -Praefectus
976 3407 1104 3460 mum
1113 3412 1252 3478 wesema.
1260 3409 1315 3463 Sci·

188 3485 638 3559 Ptolemaeushegyptum,utdocet
647 3486 725 3542 Diod.
777 3488 837 3542 lioet
853 3488 886 3541 ab
909 3491 1052 3561 Anhgono.
1078 3488 1226 3563 Praefectus
1250 3511 1315 3546 vero

189 3568 310 3639 xv111,s
328 3581 354 3625 et
368 3577 409 3625 39.
419 3575 478 3626 Tra.
776 3573 905 3626 custodum
927 3574 994 3627 infra
1014 3573 1190 3628 Onomarchua
1205 3573 1314 3630 elicitum

224 3657 265 3724 (5)
278 3654 412 3725 Quirites
429 3668 509 3708 erant.
519 3653 644 3719 Comites,
660 3656 725 3708 ami·
776 3655 812 3707 tis
824 3672 929 3727 nempe,
943 3654 990 3725 qui
1002 3655 1114 3727 captivos
1123 3654 1313 3723 custodiebant,

189 3739 230 3811 ci,
255 3741 404 3812 paraphrasi
429 3741 456 3794 in
482 3740 587 3794 Graecis
611 3741 724 3794 maxime
776 3751 904 3808 praeerat.

187 3823 291 3891 usitata,
305 3817 330 3876 oi
346 3821 421 3895 cippi,
434 3824 572 3895 tespicus„
581 3820 725 3877 Tsschuck.
810 3825 853 3890 (2)
879 3821 1109 3913 memse'qeaus
1125 3824 1264 3881 henaim
1280 3826 1312 3881 ld

189 3933 222 3947 ·-·
236 3906 350 3960 Euoseue
362 3919 469 3979 recepto.
477 3905 581 3961 Scilicet
598 3904 626 3960 in
640 3916 725 3980 portes
775 3913 824 3968 est,
835 3905 932 3961 diversi
944 3905 1072 3963 homiues.
1080 3909 1231 3965 Notandum
1247 3927 1311 3963 vero

189 4006 246 4042 susas
262 3999 289 4043 et
305 3990 456 4045 amicitiam.
776 4002 914 4063 uarumque,
926 3993 999 4064 qnod
1015 3993 1102 4055 uihll.
1116 4004 1147 4049 ιιι
1163 3996 1211 4058 fit,
1231 4010 1312 4063 prae·

221 4073 265 4140 (ὅ)
282 4070 345 4127 Nisi
360 4092 456 4146 magna
468 4092 522 4148 spe,
537 4082 586 4130 etc.
600 4073 657 4129 Nisi
671 4074 725 4128 Eu·
774 4074 850 4130 cedat
860 4074 892 4129 ad
904 4076 976 4150 quod
988 4078 1130 4145 reserattsr,
1140 4095 1171 4131 ac
1182 4074 1262 4131 snut
1275 4075 1310 4130 de

184 4165 277 4207 menes
292 4154 473 4224 promitteret,
497 4176 525 4210 se
546 4158 579 4210 ad
598 4174 723 4213 ressum-
773 4160 856 4213 tribus
884 4161 1022 4218 hominum
1051 4162 1189 4237 generibus
1217 4171 1310 4219 contra

187 4251 245 4289 mas
256 4236 425 4306 perficiendas
436 4238 587 4294 adiumento
599 4242 665 4297 sore.
774 4260 878 4303 morem
893 4256 1038 4321 usurpehts.

176 4330 179 4337 '
220 4319 316 4392 (01η
333 4322 473 4382 merem
490 4323 606 4388 wass.
630 4326 724 4399 Hunc,
