3352 5572
428 388 490 486 56
875 411 1108 512 uvnrranrs

424 619 666 732 postulasset3
693 614 748 692 illi
766 614 970 692 irridentes
995 614 1301 719 responderunt,
1331 630 1411 691 tum
1439 611 1479 690 id
1506 642 1546 695 se

425 747 606 833 facturos,
624 762 742 842 quum
754 732 833 827 illo,
851 733 965 811 domo
980 731 1140 808 navibus
1153 731 1413 837 proficiscens,
1432 751 1551 810 vento

368 937 369 941 ,
426 856 602 959 aquilone
615 854 984 929 venissetLemnum:
999 848 1060 925 hic
1074 850 1176 923 enim
1189 867 1323 927 ventus
1334 906 1345 945 ‚
1357 880 1380 928 a
1393 869 1553 957 septem·

426 971 614 1050 trionibus
633 973 774 1061 oriens,
792 967 992 1045 adversum
1012 981 1115 1043 tenet
1128 968 1284 1043 Athenis
1299 968 1545 1074 proficiscen·

382 1145 386 1155 ι
426 1094 534 1168 tibus.
551 1087 753 1176 Miltiades,
773 1084 946 1162 morandi
967 1104 1108 1186 tempus
1128 1114 1206 1163 nou
1223 1084 1381 1182 habens,
1395 1115 1548 1166 cursum

426 1197 576 1293 direxit,
607 1234 687 1309 quo
713 1205 904 1296 tendebat,
931 1208 1183 1310 pervenitque
1210 1207 1496 1285 Chersonesum.

479 1329 524 1401 ΙΙ.
550 1326 608 1399 lbi
625 1325 728 1400 brevi
748 1339 918 1429 tempore
933 1323 1191 1400 Barbarorum
1208 1330 1216 1373 ⁴
1240 1327 1358 1430 copiis
1373 1326 1548 1419 disiectis,

427 1456 507 1518 tota
535 1441 700 1544 regione,
718 1466 830 1542 quam
857 1440 1041 1543 petierat,
1069 1441 1235 1542 potitus,
1252 1439 1338 1517 loca
1356 1441 1519 1518 castellis
1536 1445 1551 1494 ²

428 1556 566 1634 idonea
583 1558 852 1648 communivit3
880 1552 1179 1647 multitudinem,
1208 1584 1320 1659 quam
1339 1585 1466 1634 secum
1484 1558 1553 1635 du·

428 1689 548 1767 xerat,
580 1675 620 1747 in
639 1677 733 1772 agris
752 1670 982 1765 collocavit,
1010 1673 1232 1778 crebrisque
1266 1675 1556 1752 excursionibus

429 1788 691 1896 locupletavit.
717 1791 853 1892 Neque
874 1791 996 1865 minua
1017 1792 1119 1866 inea
1140 1819 1182 1867 re
1199 1790 1415 1896 prudentia,
1435 1819 1550 1893 quam
1665 1788 1666 1791 '

430 1908 623 2000 felicitate,
648 1906 801 1984 adiutus
828 1920 903 1983 est:
941 1933 1027 1981 nam
1055 1934 1174 2010 quum
1202 1911 1342 1988 virtute
1362 1913 1377 1960 ³
1395 1907 1555 1984 militum

430 2026 629 2105 devicisset
655 2023 821 2099 hostium
849 2026 1060 2113 exercitus,
1100 2050 1245 2101 summa
1272 2025 1460 2130 aequitate
1494 2052 1555 2102 res

429 2141 638 2236 constituit,
663 2146 776 2240 atque
797 2141 878 2244 ipse
903 2137 1044 2216 ibidem
1071 2168 1222 2216 manere
1249 2139 1428 2217 decrevit.
1462 2143 1554 2216 Erat

429 2259 532 2334 enim
550 2258 730 2332 intereos
750 2256 931 2359 dignitate
950 2255 1054 2359 regia
1066 2261 1107 2347 ,⁴
1127 2258 1297 2358 quamvis
1310 2256 1465 2334 carebat
1486 2284 1555 2334 no·

431 2517 480 2581 11,
500 2521 579 2569 vento
591 2512 679 2569 borea.
696 2541 728 2556 -
746 2508 974 2583 Septemomntbna.
1023 2514 1085 2580 alio,
1099 2522 1129 2568 ut
1141 2531 1217 2587 supra
1230 2513 1354 2580 diximus,
1361 2513 1480 2570 Miltiade
1494 2534 1556 2573 net·

432 2601 459 2652 A
475 2595 682 2670 septemtrionali
697 2596 791 2651 mundi
807 2605 888 2669 parte.
911 2599 974 2653 Seu.
1025 2609 1064 2652 rat
1084 2599 1224 2654 Herod.·-
1236 2599 1374 2655 Castellum
1394 2609 1479 2654 autern
1496 2618 1558 2653 nsu-

435 2685 538 2752 Quaeet
548 2691 600 2736 nat.
610 2683 643 2750 V,
656 2688 697 2736 (δι
718 2700 754 2735 as
765 2682 974 2754 septemtrionali
1025 2684 1173 2737 nimentum
1184 2698 1267 2739 castro
1276 2685 1361 2739 minos
1371 2693 1419 2752 esta
1432 2683 1558 2754 oppidum

434 2768 516 2822 latere
532 2786 650 2823 summus
674 2776 713 2823 est
732 2767 850 2839 Aquilo,
875 2767 974 2822 mediae
1026 2767 1097 2820 enlm
1114 2766 1200 2833 vallo,
1219 2769 1301 2831 fossa,
1314 2778 1340 2822 et
1354 2766 1559 2838 turribusquum

435 2855 606 2927 Septentrio,
612 2855 682 2908 imus
692 2853 834 2906 Thraecias.
846 2873 856 2905 s
872 2884 905 2896 -
917 2855 976 2907 Ae·
1026 2851 1139 2922 cingitur
1154 2865 1269 2921 enarum,
1282 2855 1344 2906 dum
1357 2851 1560 2905 vicuseestellum

436 2959 531 2993 meum
544 2951 618 2993 tenet.
636 2942 676 2993 Es
688 2939 796 2993 adverso
810 2945 862 3002 ssat,
880 2940 976 2992 adver·
1027 2935 1176 3007 appellatur.
1197 2939 1280 2990 uErat
1301 2956 1377 2991 mons
1393 2955 1481 2990 saxeus
1502 2953 1556 2988 me·

437 3018 975 3095 astunMe'tophoraeremilitarideprom·
1026 3019 1107 3074 diocri
1119 3022 1222 3075 castello
1239 3026 1433 3092 satispatens.s
1458 3018 1562 3074 Sallust.

435 3116 491 3178 pta,
505 3125 556 3177 qua
569 3106 666 3160 directa
684 3106 753 3160 acies
766 3121 856 3162 contra
869 3108 976 3160 alteram
1026 3103 1082 3174 lug.
1093 3103 1561 3183 mlh-Collocavitmultimds'nem.

437 3193 693 3252 adversantem,
717 3192 767 3246 hoc
793 3203 841 3259 est,
862 3192 977 3264 opposita
1027 3188 1099 3255 Quae
1116 3207 1196 3258 agros
1207 3188 1346 3258 assignatos
1356 3187 1459 3240 coleret.

439 3296 502 3342 esse,
515 3285 584 3330 recte
596 3277 699 3329 dicitur.
715 3301 745 3313 -
763 3276 877 3332 Orsum.
894 3276 973 3330 Navi·
1061 3275 1103 3341 (3)
1121 3274 1234 3327 Virtute.
1250 3271 1425 3326 Fortitudine.
1446 3272 1481 3324 Vt
1500 3291 1559 3342 pas·

438 3366 580 3436 gationesn.
1027 3357 1075 3410 sim
1090 3356 1117 3407 in
1130 3355 1235 3426 optimis
1258 3354 1401 3409 auctoribus
1419 3373 1447 3407 ac
1461 3357 1560 3426 praeci·

471 3451 515 3516 (t)
530 3447 716 3501 Barbarorum.
729 3446 872 3501 Thracum.
887 3444 978 3519 Populi
1027 3459 1077 3514 pue
1091 3442 1117 3494 ln
1134 3437 1265 3494 Sallustio:
1292 3440 1345 3494 atti
1359 3442 1434 3494 virtus
1446 3439 1563 3513 fidesque

439 3533 513 3586 enim
530 3531 631 3586 externi
648 3533 782 3584 aGraecis
800 3530 909 3584 Barbari
927 3550 978 3586 vo·
1028 3533 1120 3591 ruha,
1137 3536 1186 3580 ete.
1212 3525 1308 3579 Nonne
1323 3527 1406 3580 emori
1423 3543 1470 3598 per
1482 3530 1562 3579 vnto·

440 3612 571 3666 cabantur.
585 3612 659 3665 ldem
672 3630 714 3683 ap.
728 3616 867 3676 Romanos,
885 3614 975 3683 Aegy·
1027 3625 1078 3666 tem
1096 3620 1215 3682 praestat,
1243 3621 1315 3666 etna
1346 3610 1422 3667 Catil.
1445 3613 1505 3665 XX.
1532 3639 1563 3652 -

440 3700 507 3768 ptioa
518 3716 546 3751 ac
558 3698 677 3768 Scythas.
686 3727 718 3739 -·
732 3697 978 3767 Dilectiffliasipa·
1028 3697 1172 3751 Derieisset.
1190 3696 1294 3751 Penitus
1310 3697 1497 3769 prostravisset.

441 3783 530 3836 sinite
541 3782 609 3853 apud
622 3785 786 3845 Caesarem,
810 3788 854 3849 25,
865 3780 898 3835 de
909 3780 979 3836 hello
1062 3787 1106 3853 (t)
1139 3785 1276 3855 Dignitote
1304 3772 1385 3852 regia.
1408 3780 1524 3854 Expulsis
1548 3798 1563 3833 e

443 3863 513 3922 Gall.
537 3865 686 3937 nl'halange
697 3868 811 3931 disiecta,
823 3866 914 3938 gladiis
927 3867 976 3921 de·
1027 3866 1187 3922 Chersoneso
1200 3866 1355 3936 Thracibus,
1370 3868 1498 3940 rebusque
1511 3866 1563 3920 suis

443 3949 538 4002 strictis
550 3948 577 4001 in
594 3967 638 4002 eos
651 3951 778 4020 impeturn
795 3950 942 4006 fecerunta
1028 3953 1064 4005 ibi
1081 3949 1251 4015 confirmatis,
1269 3951 1413 4006 Miltiadem
1430 3968 1564 4023 usurpasse

477 4034 520 4102 (2)
532 4033 816 4095 mantuanam.
826 4036 977 4102 Herodl'l,
1029 4034 1194 4108 tyrannidem
1209 4045 1334 4091 testantur
1351 4036 1511 4100 Plutarchus,
1528 4034 1562 4087 de

445 4123 486 4184 86,
498 4116 573 4175 docet
584 4119 709 4174 isthmum
716 4119 869 4177 Chersonesi
880 4121 979 4179 Mitta-
1028 4137 1084 4173 ssta
1104 4119 1219 4199 numinis
1237 4120 1364 4190 vindicta,
1376 4131 1402 4178 et
1417 4118 1563 4176 Herodotus

443 4201 506 4261 devo
517 4201 673 4278 peteseplsse
690 4221 774 4273 muro,
795 4206 866 4262 etita
880 4208 977 4281 Apsln·
1029 4207 1077 4274 Vl,
1090 4205 1198 4265 thilen
1212 4207 1291 4279 igitur
1308 4206 1427 4265 diuturne
1441 4205 1496 4260 sius
1509 4201 1559 4256 do·

443 4286 512 4351 utos
524 4287 979 4364 onblbubse.ittesutotnomnlade
1029 4289 1156 4350 tnlnatiot
1184 4292 1300 4368 primunt
1313 4290 1385 4349 enim
1407 4306 1423 4347 a
1446 4284 1559 4362 Scythis,
