3352 5572
274 422 369 521 288
728 450 951 517 assumat

271 655 431 735 amicitis
456 679 542 731 cum
568 655 744 731 Romanis
764 656 859 731 fore.
876 655 917 729 ld
935 680 1004 759 ego
1026 653 1385 764 iusiurandumpa-

270 776 321 850 tri
339 771 484 863 datum,
510 798 629 877 usque
656 769 704 846 ad
718 768 817 846 hanc
835 785 995 846 aetatem
1014 774 1067 847 ita
1084 771 1326 868 conservavi,
1343 788 1392 851 ut

246 891 413 967 nemini
433 888 593 967 dubium
624 914 704 965 esse
729 887 887 979 debeat,
914 890 1009 993 quin
1041 887 1192 993 reliquo
1219 907 1394 997 tempore

270 1005 403 1084 eadem
420 1022 544 1083 mente
568 1006 638 1081 sim
669 1003 832 1081 futurus.
859 1008 1007 1101 Quare,
1037 1006 1066 1081 si
1093 1005 1189 1112 quid
1206 1009 1324 1083 amice
1340 1004 1394 1082 de

269 1124 446 1201 Romanis
460 1120 654 1227 cogitabis,
671 1148 750 1197 non
769 1120 1031 1225 imprudenter
1048 1120 1194 1215 feceris,
1212 1125 1242 1199 si
1260 1150 1319 1200 me
1330 1148 1396 1199 ce·

269 1241 382 1335 laris;
400 1265 521 1346 quum
541 1236 695 1341 quidem
708 1234 852 1313 bellum
862 1237 1030 1344 parabis,
1047 1246 1087 1315 te
1103 1239 1224 1342 ipsum
1233 1237 1396 1317 frustra-

269 1357 384 1450 beris,
411 1360 441 1432 si
460 1380 541 1430 non
566 1383 627 1431 me
648 1357 689 1430 in
708 1382 754 1433 eo
773 1355 986 1460 principem
1012 1359 1238 1461 posueris.»

322 1473 386 1550 ΙΙΙ.
414 1474 494 1547 Hac
511 1475 641 1576 igitur,
659 1500 735 1576 qua
759 1473 933 1566 diximus,
950 1480 1075 1549 aetate
1101 1500 1190 1550 cum
1215 1481 1326 1579 patre
1348 1474 1397 1547 in

271 1591 489 1694 Hispaniam
509 1589 703 1695 profectus
720 1606 797 1665 est:
816 1592 923 1667 cuius
939 1607 1026 1695 post
1043 1589 1201 1681 obitum,
1220 1586 1395 1665 Hasdru·

176 1744 179 1749 ·
273 1704 362 1781 bale
381 1708 609 1811 imperatore
619 1708 789 1799 suffecto,
800 1709 986 1812 equitatui
1000 1711 1101 1784 omni
1116 1703 1293 1813 praefuit.
1309 1706 1398 1781 Hoc

275 1847 432 1925 quoque
459 1822 660 1931 interiecto
669 1881 681 1917 ,
703 1839 715 1873 ¹
743 1825 929 1900 exercitus
956 1850 1134 1899 summam
1164 1822 1312 1927 imperii
1342 1817 1398 1897 ad

274 1965 359 2015 eum
379 1938 528 2016 detulit.
555 1940 612 2032 Id,
630 1942 894 2043 Carthaginem
913 1939 1093 2032 deletum,
1111 1937 1263 2046 publice
1282 1962 1391 2013 com-

277 2054 481 2160 probatum
501 2071 567 2132 est.
587 2057 603 2105 ²
621 2055 682 2133 Sic
708 2055 909 2148 Hannibal,
926 2059 1051 2134 minor
1078 2060 1249 2160 quinque
1267 2069 1305 2130 et
1329 2053 1392 2129 vi-

273 2174 369 2276 ginti
388 2176 497 2249 annis
516 2192 640 2269 natus,
660 2175 864 2279 imperator
880 2172 1014 2264 lactus,
1033 2178 1204 2278 proximo
1228 2171 1397 2249 triennio

274 2315 404 2366 omnes
434 2309 564 2393 gentes
591 2291 795 2396 Hispaniae
814 2288 918 2368 bello
945 2289 1113 2393 subegit:
1130 2295 1146 2344 ³
1161 2291 1396 2393 Saguntum,

275 2401 511 2482 foederatam
531 2407 743 2500 civitatem,
768 2409 803 2487 vi
830 2407 1082 2512 expugnavit:
1107 2418 1182 2482 tres
1207 2403 1397 2483 exercitus

274 2712 298 2770 si
313 2730 385 2767 aram
401 2722 492 2767 tenum
504 2715 611 2776 iuraret,
630 2713 746 2768 crederet
761 2731 809 2766 ne·
862 2714 975 2767 Barcinis
983 2714 1089 2768 infestae
1103 2713 1229 2785 principe,
1241 2711 1401 2771 sedt'rustrs.

275 2816 333 2863 mo,
345 2817 392 2869 per
408 2796 554 2868 epistolam,
579 2798 647 2868 quod
671 2797 750 2861 volet,
766 2797 808 2850 ia·
861 2797 927 2850 Vide
943 2797 1048 2851 Livium
1064 2796 1177 2859 totta.

275 2882 372 2933 iuratus
385 2880 511 2952 probabit
524 2900 536 2933 s
549 2882 699 2951 Ciceropro
721 2879 811 2934 Flacco
894 2884 938 2950 (3)
957 2882 1053 2936 Omaes
1073 2894 1159 2951 gestes
1174 2881 1315 2951 Hispaniae
1330 2880 1401 2935 tata

276 2965 397 3022 XXXVI.
861 2966 965 3036 mbegit.
988 2966 1089 3037 Nempe
1103 2974 1175 3036 capta
1192 2965 1326 3037 excisaque
1345 2964 1401 3019 8⁸·

309 3051 353 3119 <t)
376 3050 435 3104 Hoc
457 3069 551 3121 qaoque
573 3049 713 3123 interfecto.
737 3047 812 3104 Idem
862 3060 952 3122 ganto,
969 3060 997 3106 et
1008 3069 1088 3122 quum
1101 3050 1133 3105 sd
1152 3049 1252 3105 bellum
1273 3050 1402 3104 Romanis

275 3153 352 3208 supra
365 3134 394 3189 irs
416 3136 469 3190 sits
493 3135 663 3199 Hamilcaris,
681 3153 737 3209 cap.
760 3133 811 3201 iil,
863 3136 1031 3190 inferendam
1056 3136 1185 3209 prolectas
1213 3136 1312 3191 luisset.
1334 3134 1404 3191 vti.-

275 3218 376 3274 dictum
391 3228 437 3272 est.
457 3217 558 3273 Medius
582 3228 718 3291 postquam
743 3220 812 3271 iuter
863 3222 921 3276 Lis.
938 3223 1012 3288 xxi,
1034 3226 1075 3289 23,
1095 3232 1122 3276 et
1134 3220 1273 3295 Polybium
1287 3221 1333 3287 ΙΙΙ,
1352 3226 1400 3275 35.

274 3315 372 3373 patrem
387 3314 414 3358 et
423 3302 489 3357 filios
502 3311 561 3357 octo
571 3303 653 3356 ferme
666 3320 746 3358 annos
761 3304 812 3356 im·
863 3306 937 3358 Vnde
950 3305 1021 3359 idern
1038 3305 1161 3379 Polybius
1171 3303 1401 3374 111‚ss,stst³oe·

274 3389 376 3455 perium
392 3388 547 3452 obtinuerat,
567 3388 688 3441 barbarus
704 3385 811 3458 quidam
862 3403 920 3451 nos,
938 3405 1020 3457 quum
1041 3386 1128 3441 ltaliae
1147 3385 1276 3441 Hannibal
1297 3382 1401 3439 bellurn

276 3489 337 3525 eum
353 3470 456 3542 palam,
480 3471 515 3524 ob
532 3472 597 3524 iram
623 3471 754 3525 interfecti
779 3471 812 3523 ab
863 3469 981 3535 inferret,
1003 3478 1084 3524 totam
1103 3488 1184 3541 usqua
1201 3467 1233 3520 sd
1250 3468 1401 3537 Pyrenaeos

276 3574 308 3609 eo
325 3556 438 3622 domini,
452 3556 624 3625 obtruncarit
637 3556 812 3626 comprehen·
864 3563 965 3606 montes
990 3551 1137 3622 Hispaniam
1170 3549 1293 3604 tenuisse.
1310 3547 1402 3604 Antea

274 3659 367 3711 susque
380 3659 395 3694 s
408 3641 643 3704 circumstantibus,
656 3639 724 3693 haud
742 3639 794 3693 alio
801 3680 810 3705 ‚
862 3654 925 3694 vero
938 3637 993 3690 lere
1006 3638 1074 3690 intra
1091 3635 1197 3689 lbesuus
1208 3648 1301 3687 eontm
1312 3632 1402 3705 imps-

274 3742 355 3794 qussn
377 3725 400 3779 si
415 3724 546 3788 evasisset,
564 3723 650 3789 vultu,
675 3722 812 3778 tormentis
862 3722 931 3775 rium
944 3720 1109 3785 consistebat,
1122 3726 1187 3773 teste
1197 3714 1291 3773 eodem
1302 3712 1399 3789 Polyb.

274 3825 377 3880 quoque
389 3827 471 3879 quum
483 3807 649 3873 laceraretur,
663 3824 695 3861 eo
705 3806 757 3861 tais
767 3808 810 3861 lss·
864 3806 910 3870 ΙΙΙ,
930 3811 972 3870 st,
989 3813 1015 3857 et
1033 3803 1108 3859 Livio
1124 3803 1197 3869 xxi,
1211 3804 1237 3857 5.
1247 3826 1279 3845 -·
1290 3798 1401 3871 Saga·-

274 3892 330 3946 bitu
343 3893 405 3958 oris,
419 3902 457 3956 ut,
472 3902 607 3964 superante
625 3889 720 3945 laetitia
738 3889 812 3943 dolo·
863 3902 925 3953 tussa,
930 3888 1092 3958 foederatam
1114 3888 1247 3952 cisimus,
1265 3887 1296 3938 υἱ
1316 3900 1403 3955 eapse·

275 3992 327 4040 res,
339 3975 449 4029 ridentis
466 3976 545 4029 etiarn
557 3975 671 4047 speciem
688 3973 812 4044 praebue·
861 3977 958 4047 giravit.
976 3973 1162 4042 Foederataas3
1173 3989 1238 4044 quse
1248 3968 1338 4025 foedus
1348 3968 1402 4022 ini·

276 4058 320 4112 rit.
349 4058 439 4114 Livius
455 4058 502 4113 lib.
518 4061 598 4125 Xlll,
620 4077 677 4131 cap.
698 4063 723 4111 2.
740 4060 811 4115 Essa
863 4067 918 4111 erat
944 4073 1003 4108 curn
1036 4058 1169 4111 Romanis.
1189 4055 1301 4109 Iluluses
1326 4050 1401 4106 urbis

278 4156 360 4194 smus.
863 4139 998 4193 interitum
1017 4137 1088 4210 luget
1096 4138 1268 4213 Augustinus,
1278 4134 1313 4189 de
1324 4135 1402 4191 Civi-

309 4226 354 4290 (Ι)
371 4224 474 4279 Publice
490 4228 673 4298 comprobatam
685 4238 730 4281 est.
747 4220 813 4279 Dis-
863 4222 1026 4287 lsteDeiHl,
1039 4226 1084 4289 2⁰,
1097 4225 1171 4281 cuius
1182 4221 1260 4281 vetita
1270 4216 1402 4285 minori!

277 4304 403 4363 sauma
423 4316 512 4367 tamea
534 4311 673 4377 Hemone,
695 4306 813 4375 nedem
863 4324 925 4366 ssae
940 4307 1019 4380 digus
1033 4315 1102 4365 sant.
