3352 5572
710 444 929 509 vtnronvu
1289 417 1388 548 4⁴29

273 643 322 701 lib.
339 644 377 699 Ill
389 663 392 668 ·
404 644 440 699 V.
453 642 487 699 ll.
500 660 558 717 cap.
572 653 597 700 ts
615 647 673 702 Oria
686 647 847 722 ἀνθρωπίνης
859 645 944 718 χοιρὰς
955 640 1030 723 ίργα,
1043 644 1220 718 ἀίλὰοίσοως
1236 648 1392 719 αὐτομάτου.

272 729 308 783 Εί
324 725 470 796 adriperet
486 725 590 791 νιίλαδος
620 730 760 785 sacerdotis
781 728 921 801 Delphicae
939 746 1090 800 responsum
1107 739 1222 795 vocatur,
1241 733 1313 802 quod
1329 731 1393 785 red·

273 810 342 864 didit
360 809 405 864 illa
421 820 492 864 vates
515 811 567 865 sibi
589 812 621 866 ab
638 810 761 884 Apolline
777 811 833 882 ipso
860 810 959 865 editum
986 830 1038 866 non
1054 822 1151 884 rogata,
1172 814 1227 867 sive
1244 815 1361 871 consults
1377 832 1392 868 a

272 893 355 946 Rattoe
373 892 426 945 vid.
440 891 530 947 Schol.
547 893 662 960 Pindari,
672 895 705 947 0.
721 893 799 965 Pyth.
814 894 861 957 lv,
878 912 916 947 as.
935 896 993 948 407.
1007 895 1041 947 Et
1058 897 1103 961 ita,
1115 894 1185 950 salvo
1202 895 1304 950 meliori
1321 894 1393 950 indi·

272 976 330 1040 cio,
346 975 363 1033 ἡ
378 973 525 1045 αὐτοματία
539 985 611 1031 notat
627 976 963 1046 providenciamqmmdam
980 977 1169 1043 dirimm,siae
1182 981 1330 1051 beneficium
1347 980 1396 1035 sibi

272 1055 312 1109 att
326 1056 377 1109 tals
390 1058 503 1120 merenti,
515 1076 561 1110 nec
578 1057 737 1128 opinamini
754 1059 808 1128 ipso
822 1057 881 1110 Deo
898 1058 994 1122 datum,
1007 1076 1060 1128 quo
1081 1058 1174 1112 ducens
1186 1059 1230 1111 Dii
1243 1078 1271 1112 se
1287 1058 1394 1131 potissi-

272 1156 349 1193 mum
361 1158 417 1195 esse
435 1137 589 1205 voluissent,
607 1158 688 1212 quum
706 1139 825 1192 Siciliam
838 1158 953 1192 recreare
975 1140 1173 1195 constituissent.
1195 1141 1264 1193 Audi
1289 1140 1395 1195 Plutar-

275 1218 368 1287 chum,
380 1221 466 1276 Praec.
483 1219 556 1289 polit.
568 1225 602 1275 T.
620 1222 655 1286 ll,
671 1241 698 1290 p.
716 1225 774 1275 8⁴6:
792 1221 856 1274 Odss
878 1218 903 1273 οί
920 1221 1030 1290 mpetu
1047 1221 1092 1275 καί
1109 1223 1223 1292 Δαίμονα
1245 1223 1290 1275 καί
1309 1223 1395 1294 τύχην

272 1305 326 1365 τοῖς
340 1302 536 1378 κατορθώμασιν
552 1303 800 1378 συνεπιγράφουσιν,
814 1301 847 1364 ὡς
863 1303 994 1374 Τομολίωυ
1006 1299 1021 1357 δ
1032 1305 1076 1365 τὰς
1092 1304 1120 1357 iu
1135 1303 1234 1376 Σικελίᾳ
1250 1303 1395 1364 καταλύσας

273 1381 425 1455 τυραννίδας
442 1385 600 1456 αὖτοματίας
618 1383 684 1459 lepis
702 1381 833 1456 ἱδρύσατο.
848 1383 912 1438 Vide
927 1383 963 1437 ibi
977 1395 1068 1438 cetera.
1083 1387 1149 1457 Ergo
1166 1385 1214 1439 hoc
1232 1387 1328 1438 lactum
1342 1405 1394 1439 non

274 1465 346 1519 athei
360 1465 478 1520 hominis
495 1469 612 1520 animum
625 1464 724 1537 prodit,
741 1475 770 1518 ut
791 1474 862 1536 putat
879 1465 1006 1520 Ernstius.
1027 1467 1069 1524 Ad
1091 1467 1153 1521 baec
1170 1471 1326 1522 consecravit
1340 1486 1397 1522 suas

270 1545 349 1601 ttsdes
357 1547 447 1618 ἀγαθῷ
457 1543 572 1618 δαίμονι.
585 1550 618 1601 V.
631 1545 698 1601 Plut.
708 1548 741 1598 T.
757 1548 791 1610 ll,
805 1565 832 1615 p.
844 1551 905 1612 542,
915 1547 948 1599 de
962 1551 1003 1602 sui
1013 1548 1098 1603 laudet
1113 1568 1193 1620 quern
1202 1549 1276 1621 ’ίορὸν
1287 1549 1397 1620 δαίμονα

273 1624 344 1680 idem
361 1637 445 1696 vocat,
457 1631 492 1685 Τ.
503 1633 525 1693 Ι,
538 1632 566 1681 in
580 1627 678 1682 Timol.
692 1646 718 1698 p.
733 1632 793 1680 25³.
809 1628 931 1697 Denique
943 1630 972 1682 in
985 1630 1101 1683 Siciliam
1114 1632 1278 1702 prolecturus
1291 1630 1398 1702 Delphis

273 1707 394 1778 Apollini
410 1728 479 1764 sacra
492 1711 561 1764 lecit.
574 1707 640 1762 Vide
654 1708 787 1770 eumdem,
799 1726 824 1779 p.
840 1713 899 1762 2³9.
911 1711 983 1781 Ergo
999 1711 1080 1764 atheis
1097 1731 1148 1764 non
1167 1725 1205 1766 est
1223 1731 1396 1767 annumeran-

275 1787 323 1842 dus
333 1829 345 1855 ,
361 1791 407 1845 sed
425 1790 560 1855 modestis,
573 1789 640 1843 nihil
651 1807 710 1841 suae
722 1790 812 1842 virtuti
823 1789 1005 1857 tribuentibus,
1016 1791 1060 1845 sed
1074 1795 1141 1857 Deo,
1156 1795 1286 1848 fortunam
1298 1795 1398 1864 regenti

179 1865 182 1878 ²
276 1888 394 1926 omnem.
411 1874 425 1939 (
440 1872 512 1925 δίου.
529 1869 562 1923 ad
579 1871 603 1924 ll
615 1867 678 1922 edit.
694 1868 757 1922 mai.
773 1878 902 1940 praetcrea
921 1881 1051 1942 comparat
1075 1875 1172 1925 Lucam
1197 1876 1223 1927 in
1245 1876 1302 1927 Act.
1318 1881 1398 1944 apost.

273 1951 332 2016 xtt,
348 1956 390 2006 eoa
408 1952 464 2009 Τὴν
478 1952 561 2008 πύλην
572 1980 603 1992 -
612 1951 668 2012 ἥτις
684 1951 815 2022 αὐτομάτη
831 1952 938 2023 ἠνοίχθη
959 1953 1055 2018 αὐτοῖς,
1069 1952 1114 2006 ubi
1127 1954 1220 2024 αὐτομ.
1232 1964 1313 2020 notat,
1326 1972 1394 2007 non·

273 2031 324 2084 nisi
338 2030 428 2086 divina
444 2048 494 2100 ope
507 2041 586 2101 atque
602 2032 728 2102 potentia,
742 2030 878 2104 laudatque
895 2032 974 2085 liulm
990 2032 1020 2086 ad
1046 2033 1106 2088 Aet.
1122 2036 1183 2088 Χίίί
1200 2036 1233 2088 V.
1248 2036 1279 2086 Η.
1303 2052 1327 2087 c.
1348 2039 1396 2096 43,

274 2128 302 2163 n.
320 2115 418 2175 2,ante
433 2111 519 2181 ipsum
537 2115 564 2166 in
590 2111 682 2165 eadem
698 2113 826 2169 sententia
843 2116 895 2168 iam
919 2125 1057 2169 versatum.
1078 2114 1121 2169 Cl.
1138 2115 1297 2178 Tascbuclre‚
1320 2132 1397 2184 quem

277 2189 351 2252 tide,
364 2190 551 2262 interpretatur
560 2195 644 2265 sortis
658 2193 796 2259 Fortunas,
813 2212 898 2267 neque
912 2208 1000 2248 tamen
1014 2195 1051 2263 id,
1073 2196 1149 2268 quodi
1168 2196 1318 2249 Plutarchus
1334 2213 1395 2247 nar·

278 2270 356 2337 navit,
371 2291 513 2344 repugnare
529 2275 674 2329 arbitratur.
693 2279 787 2329 Contra
801 2277 832 2331 G.
851 2276 885 2330 G.
904 2277 1029 2329 Gradener
1046 2281 1072 2331 in
1087 2296 1172 2349 progr.
1187 2277 1219 2330 de
1240 2278 1396 2348 αὖτοματίας

278 2352 400 2418 numine,
415 2354 507 2408 sscello
524 2366 550 2409 et
570 2356 650 2424 cultu,
666 2358 737 2427 Lips.
755 2363 833 2422 ⁴763,
852 2355 974 2429 intelligit
992 2358 1199 2412 Timoleonteum
1216 2358 1308 2422 deam,
1330 2375 1395 2431 quae

278 2436 333 2489 suis
350 2437 447 2491 viribus
459 2439 583 2505 effecerit,
601 2449 629 2494 ut
641 2459 685 2492 sua
699 2449 789 2511 sponte
803 2459 847 2493 sua
860 2460 888 2494 se
902 2439 1043 2494 obtulerint
1052 2442 1219 2508 Timoleonti,
1230 2443 1325 2514 quibua
1334 2460 1398 2513 opus

195 2515 197 2522 ’
276 2529 341 2584 erat,
358 2531 386 2573 ut
396 2528 501 2574 conatus
514 2520 597 2574 eius'c
609 2533 670 2576 voto
682 2524 859 2587 succederent,
873 2543 985 2596 quorum
1000 2524 1106 2596 quidem
1116 2544 1263 2578 successum
1276 2534 1302 2576 ct
1314 2543 1397 2577 euen-

276 2609 334 2654 tum
346 2598 390 2655 alli
399 2600 553 2672 prudentiae
566 2603 621 2657 eius
635 2612 662 2657 et
674 2603 793 2656 laborum
802 2622 866 2677 opus
880 2605 1079 2670 existimassent,
1093 2624 1175 2676 quum
1187 2615 1272 2658 tamen
1283 2604 1398 2658 numinis

277 2700 342 2752 opus
356 2681 453 2748 fuisset,
465 2682 533 2736 clam
547 2687 689 2755 operantis,
702 2695 860 2758 conatusque
873 2685 1053 2748 Timoleontis,
1077 2688 1158 2740 caussis
1171 2696 1262 2756 sponte
1287 2707 1314 2740 se
1331 2686 1395 2739 olle·

274 2764 399 2830 rentibus,
414 2765 525 2819 mirifice
542 2768 661 2820 iuvantis.
680 2767 780 2837 Harl.)
796 2772 836 2822 De
851 2767 1024 2823 Timoleontis
1040 2768 1174 2836 felicitate,
1199 2773 1249 2834 cui,
1265 2778 1294 2824 ut
1313 2771 1394 2823 Pom·

274 2846 343 2915 poio,
357 2848 429 2901 venti
447 2857 664 2919 tempestatesque
681 2846 855 2902 obsecundare
867 2849 939 2903 suere
955 2851 1036 2915 visse,
1048 2851 1177 2920 praeclara
1190 2851 1232 2905 dat
1245 2850 1396 2905 Plutarchus

276 2927 312 2981 itt⁴
323 2928 396 2982 Tim.
409 2947 466 3000 pag.
482 2933 543 2994 249,
560 2932 620 2997 25⁰,
633 2934 693 2985 tot.
709 2930 838 2985 Staveren.

309 3093 352 3144 Ds
368 3094 476 3147 Rsntsvs
488 3094 522 3156 lt.
547 3113 575 3165 p.
588 3097 650 3150 278.
662 3096 710 3148 Ex
727 3097 802 3149 tribus
820 3097 942 3150 umoribus.
960 3095 1071 3167 Vapulat
1085 3097 1127 3151 hic
1148 3097 1273 3151 Lambiuo
1292 3094 1398 3168 aliisque

276 3168 371 3243 Νομίου
386 3176 518 3246 quoniam,
535 3185 565 3228 ut
583 3174 683 3239 volunt,
697 3177 838 3248 Dionysius
851 3177 914 3232 duas
932 3186 1032 3230 tantum
1048 3198 1138 3232 uxores
1155 3180 1280 3232 habuerit.
1291 3179 1324 3230 Et
1335 3195 1397 3230 sane

278 3252 341 3308 duas
354 3255 438 3310 solum
457 3266 605 3310 memorant
620 3256 717 3321 Cicero,
734 3258 810 3312 Tusc.
829 3259 919 3328 V,2⁰;
940 3259 1029 3314 Valet.
1054 3263 1131 3318 Mas.
1157 3260 1203 3325 tx,
1226 3267 1269 3325 43,
1286 3271 1335 3311 ext.
1361 3264 1394 3328 53

276 3341 399 3393 Aelimrus
411 3341 482 3402 tht.
498 3346 541 3405 ίθ,
556 3353 581 3393 et
600 3341 728 3394 Diodorus
744 3342 817 3407 X1V5
831 3341 875 3393 sed
891 3334 944 3394 uno
957 3340 1000 3394 die
1017 3341 1106 3397 ductas
1123 3361 1152 3395 ac
1171 3342 1263 3395 eodem
1280 3350 1397 3411 tempore

277 3421 306 3474 ln
320 3419 606 3487 matrimonio-habitas,
617 3431 750 3492 postquam
762 3419 849 3474 denuo
856 3422 1024 3493 tyrannidem
1033 3425 1178 3493 recepisset.
1194 3423 1304 3485 Verump
1316 3437 1399 3491 quum

278 3501 393 3570 primum
411 3520 469 3554 eam
486 3512 640 3572 occupasset,
663 3501 768 3555 duxerat
784 3504 960 3556 Hermocratis
977 3505 1129 3574 Syracusani
1153 3501 1249 3566 filiurn,
1274 3520 1340 3573 quae
1363 3500 1400 3554 alr

275 3580 406 3636 immanes
418 3584 639 3655 Syracusanorum
653 3583 822 3639 contumelias
835 3583 889 3655 ipsa
901 3585 950 3638 sibi
968 3594 1079 3637 mortem
1096 3582 1228 3637 conscivit.
1240 3583 1284 3636 Sic
1302 3582 1399 3636 diserte

276 3659 439 3729 Plutarchus,
458 3667 541 3734 princ.
560 3667 664 3735 Diouis3
684 3665 800 3735 quamsi
825 3675 895 3719 recte
912 3665 1083 3736 inspexissent
1106 3664 1156 3719 viri
1179 3664 1259 3729 docti,
1283 3682 1332 3718 nae
1356 3661 1400 3718 illi·

277 3748 373 3800 erroris
385 3746 453 3799 baud
472 3745 616 3819 arguissent
629 3755 757 3812 nostrum,
775 3764 824 3800 nee
836 3764 929 3800 eorum
941 3764 1009 3799 unns
1020 3745 1052 3798 de
1064 3751 1136 3799 tertia
1149 3747 1300 3799 concubinae
1312 3750 1398 3800 vicem

279 3825 397 3894 implente
414 3829 560 3899 cogitasset.
577 3827 639 3882 Bos.
652 3829 739 3883 Prima
754 3827 874 3899 Dionysii
888 3847 952 3881 uxor
969 3828 1019 3881 luit
1035 3827 1088 3880 lilia
1112 3827 1296 3892 Hermocratis,
1314 3844 1396 3896 quae,

280 3913 310 3958 ut
322 3907 472 3963 Plutarchus
489 3912 533 3976 ait,
548 3910 596 3963 sibi
609 3910 732 3965 conscivit
746 3920 867 3963 mortem.
881 3908 957 3976 Quod
971 3913 1023 3962 iam
1037 3909 1065 3962 in
1075 3918 1142 3980 post.
1156 3919 1210 3963 not.
1225 3920 1282 3982 post
1291 3909 1396 3961 Rosium

279 3981 365 4057 docui3
391 3987 458 4042 adde
473 3993 557 4044 Wess.
572 3989 604 4043 ad
621 3989 702 4044 Diod.
727 3989 806 4043 Sicut.
822 3988 868 4042 lib.
882 3987 956 4052 lllll,
982 4006 1037 4061 cap.
1058 3993 1117 4041 stt:
1137 3988 1206 4059 quod
1221 3989 1296 4042 buius
1312 3988 1398 4041 uxoris

278 4063 375 4119 facturn
395 4068 440 4122 lib.
455 4071 527 4137 XIV,
538 4089 593 4141 cap.
607 4076 650 4139 tt,
666 4072 701 4124 ita
720 4080 814 4137 namet,
832 4080 861 4123 ut
873 4070 1022 4137 conficeret,
1032 4089 1088 4125 eam
1102 4068 1135 4122 ab
1151 4069 1209 4124 aliis
1219 4071 1299 4124 suisse
1312 4071 1394 4124 truci·

279 4143 374 4199 datam.
393 4150 508 4204 Duarum
522 4151 643 4223 deinceps
655 4171 764 4207 urorum
782 4150 874 4205 οοᾶοιυ
888 4160 1004 4223 tempore
1021 4171 1036 4206 a
1052 4152 1179 4225 Dionysio
1191 4150 1326 4208 ductarum
1346 4150 1397 4208 nis

281 4225 360 4285 altera
372 4228 612 4302 Doeutacnasia,
625 4235 721 4296 Xeneti
737 4234 875 4295 clarissimi
886 4234 951 4296 aivis
965 4234 1019 4294 ntia
1035 4237 1084 4308 (r.
1100 4239 1184 4297 Wess.
1200 4235 1233 4296 sd
1249 4235 1326 4305 utet,
1344 4233 1363 4292 l.
1379 4233 1398 4290 l.
