3352 5572
480 459 569 523 cru
605 456 862 527 romsncno
895 459 1170 556 conrsns‘no
1295 443 1386 551 44¹

282 663 330 716 der
346 669 404 733 post
421 660 592 717 lentissimum
610 662 748 734 prendium
765 667 890 738 petiisset,
907 664 969 738 quid
986 666 1014 720 irr
1030 661 1078 717 tsli
1093 650 1213 719 codic
1228 667 1312 735 posset
1325 658 1397 717 desl-

280 743 374 798 dereris
391 745 577 799 Delicntissimn
592 764 639 811 res,
656 745 743 817 inquit
762 749 937 815 Anaxarchus,
952 745 1120 802 Nicocreonte
1133 744 1296 817 intelligens,
1312 757 1398 814 nempe

279 841 396 898 satrapae
409 829 538 882 crrimdam
550 841 633 898 capim
646 827 778 896 Ceterum,
790 830 860 903 qnod
870 849 923 885 non
935 829 1065 885 intellexit
1080 827 1241 890 Plutarchus,
1255 827 1397 881 Nicocreon

280 911 381 980 optime
394 908 563 976 intellexerat,
577 927 671 981 mogno
686 910 827 966 Anssrrchi
839 912 916 983 malo,
927 930 1006 983 quem
1019 927 1102 984 quum
1113 909 1141 963 io
1156 913 1273 982 Cyprum
1286 904 1397 962 insulsus

281 1000 418 1062 tempestss
431 991 576 1055 detulisset,
589 999 692 1061 ceptum
704 992 813 1048 interfici
826 995 898 1048 iussit
911 1013 1008 1048 memor
1024 995 1185 1063 irctyrnnni.

314 1112 401 1178 Quum
415 1128 474 1182 ergo
491 1119 529 1163 tot
543 1121 663 1182 tantaque
679 1112 733 1166 sint
746 1124 772 1168 et
785 1115 814 1168 in
832 1116 917 1169 serbis
933 1125 959 1168 et
973 1117 1000 1168 in
1018 1113 1160 1179 sententiis,
1176 1127 1243 1183 quse
1259 1108 1396 1163 Plutarcho

281 1191 346 1245 vitio
359 1201 460 1244 vertere
474 1192 531 1244 iure
549 1193 640 1263 possis,
654 1210 701 1247 cur
715 1195 822 1249 tsndem
842 1195 887 1250 ille
903 1197 1016 1249 Graecos
1032 1195 1104 1255 inter,
1115 1192 1249 1249 historicos
1265 1209 1326 1246 cum
1339 1193 1394 1243 ile·

280 1271 382 1335 rodoto,
395 1271 560 1345 Thucydide.
572 1274 748 1346 Xenophonte
764 1277 862 1349 primes
879 1277 969 1331 tenet?
988 1280 1040 1332 Cur
1052 1277 1085 1330 sb
1100 1276 1221 1330 omuibus
1237 1273 1321 1326 doctis
1334 1271 1397 1326 viris

280 1353 344 1406 tsnti
359 1352 402 1418 fir,
420 1364 449 1408 ut
462 1354 569 1426 quidem
586 1359 770 1428 interrogatus,
786 1376 866 1431 quem
883 1378 1015 1430 superesse
1029 1357 1135 1422 matter,
1151 1360 1191 1421 si,
1207 1375 1259 1410 uno
1279 1362 1398 1424 excepto,

279 1452 371 1489 ornnes
387 1436 486 1507 antiqui
501 1438 639 1508 scriptores
661 1438 825 1493 desiderandi
847 1440 942 1505 dorent,
968 1438 1133 1495 Plutarchum
1149 1434 1329 1509 responderit?
1345 1436 1398 1488 Cur

282 1517 310 1569 in
323 1516 370 1571 illo
387 1517 497 1590 legendo
511 1518 625 1574 iuniores
638 1518 715 1573 simul
733 1532 759 1574 et
774 1539 863 1583 senes,
879 1522 951 1593 quod
973 1523 1106 1594 perpaucis
1121 1520 1262 1575 admodum
1280 1515 1399 1587 contigit,

281 1607 413 1670 tantopere
432 1598 684 1655 delectenturi'Cur
696 1601 814 1655 Boeotise
825 1603 941 1674 oppiduli
956 1603 1050 1668 incols,
1067 1603 1113 1657 diu
1130 1612 1187 1673 post
1202 1598 1324 1655 Grssciae
1339 1595 1399 1669 glo·

282 1680 348 1733 riam
366 1691 450 1745 nstus,
468 1681 672 1736 Atheniensibus
686 1682 737 1737 iliis
751 1695 777 1736 et
791 1684 911 1739 Pericleis
928 1704 973 1756 par
986 1689 1013 1739 in
1028 1684 1182 1756 quibusdsnr
1196 1681 1319 1755 pertibus,
1331 1678 1399 1733 sams

279 1763 397 1833 superior
410 1764 509 1816 evasit?
523 1762 631 1817 Duobus
644 1765 807 1834 potissimum
822 1768 904 1821 censis
921 1766 947 1821 id
962 1766 1130 1821 tribuendum
1146 1765 1266 1820 erbitror.
1279 1762 1398 1818 Primum

280 1846 353 1898 enim
371 1843 459 1897 nuilus
472 1843 579 1900 sortasse
596 1844 732 1900 Plutarcho
745 1850 831 1902 maior
847 1847 875 1901 in
888 1848 1058 1903 describendo
1074 1849 1133 1913 iuit3
1144 1847 1190 1919 qui
1202 1857 1254 1900 tsm
1266 1841 1399 1915 grsphice,

282 1935 310 1978 nt
327 1925 411 1989 siunt,
424 1943 481 1977 rem
498 1924 625 1996 depingit,
638 1936 667 1980 ut
683 1946 737 1981 non
750 1927 834 1983 solum
851 1939 980 1983 nsrrstsm
999 1929 1100 1992 andire,
1116 1930 1160 1982 sed
1179 1931 1233 1997 ipse
1247 1924 1399 1978 sdcssecre-

282 2004 392 2072 dideris3
408 2014 528 2075 tantaque
539 2016 593 2058 arte
607 2010 696 2062 omnis
709 2007 833 2080 disponit,
847 2011 933 2066 utrix
952 2009 1048 2064 librum
1062 2007 1183 2064 evolvere
1195 2005 1315 2078 coeperis,
1327 2002 1398 2057 viri·

280 2085 320 2139 dis
333 2087 466 2140 affectibus
476 2096 503 2141 et
515 2093 676 2161 praepotenti
693 2092 794 2162 impetu
808 2103 902 2164 rsptus,
919 2094 978 2146 huic
994 2091 1151 2166 perlegendo
1163 2089 1308 2148 edisserta·
1324 2081 1399 2140 velus

280 2170 308 2221 in
328 2166 381 2223 illis
393 2168 485 2222 accidit
494 2174 678 2226 commentitiis
691 2174 889 2237 narrationibus,
903 2177 930 2228 in
944 2175 1038 2244 quibus
1050 2173 1145 2228 sectori
1158 2169 1290 2245 quoslibet
1301 2169 1400 2238 tingere

280 2247 357 2301 datur
370 2257 396 2302 et
409 2268 456 2304 sno
473 2250 579 2305 arbitrio
596 2271 638 2307 res
648 2253 777 2309 ordinere.
795 2257 865 2325 Quid
882 2266 966 2310 sutem
980 2257 1008 2309 in
1021 2257 1061 2309 iris
1076 2254 1167 2310 fabulis
1180 2248 1398 2324 msgnihcentius,

279 2328 343 2399 quid
360 2329 510 2397 formosius,
525 2351 603 2402 quaxn
616 2352 699 2406 quum
711 2335 857 2408 Cleopstra,
874 2337 929 2390 imo
943 2338 1072 2390 Venerem
1086 2337 1167 2407 ipsam
1181 2334 1300 2397 dixerim,
1311 2329 1398 2401 prims

281 2410 339 2463 vics
349 2412 494 2465 Antonium
512 2413 674 2485 aggreditur?
692 2416 762 2485 Quid
776 2415 976 2482 lamentabilius,
998 2435 1074 2488 qusm
1095 2417 1183 2471 Niciae
1205 2423 1231 2467 et
1253 2409 1396 2466 Athenien·
1471 2462 1476 2475 ,

278 2492 347 2545 sium
367 2492 396 2546 in
414 2491 518 2562 Sicilie,
535 2497 619 2550 Crassi
632 2505 659 2550 et
679 2499 854 2553 Pomsnorum
871 2501 900 2553 in
920 2499 1058 2556 Parthiene
1078 2498 1185 2554 eisdes?
1200 2493 1271 2564 Quid
1294 2491 1396 2562 inipso

278 2573 393 2626 Homero
409 2574 614 2651 rpopnrdrrrpoa,
628 2596 706 2649 quam
731 2578 798 2633 iliud
819 2580 967 2635 Cornelism
989 2583 1058 2635 inter
1077 2591 1104 2634 er
1118 2579 1272 2649 Pompeium
1285 2574 1395 2644 longum

276 2672 480 2726 supremumque
502 2655 581 2712 vste?
604 2677 683 2730 quem
707 2661 889 2717 Demosthenis
914 2672 941 2716 ee
966 2661 1063 2728 Tullii,
1088 2661 1171 2718 Porcii
1193 2669 1220 2713 et
1242 2654 1394 2717 Phocionis,

276 2736 411 2800 Esrmenis,
422 2737 541 2802 Sertorii,
555 2739 745 2806 Grscchorum,
752 2742 959 2815 Philopoemenis
971 2754 998 2798 et
1011 2753 1048 2797 tor
1061 2742 1201 2797 illustrium
1212 2739 1328 2794 virorum
1340 2751 1396 2788 cse-

277 2816 345 2872 des?
363 2818 502 2892 Plerosque
520 2822 590 2874 enim
606 2834 713 2879 cnrents
729 2843 800 2879 mors
816 2826 959 2898 intercepit,
983 2829 1057 2899 qussi
1068 2828 1103 2880 sit
1119 2844 1134 2879 s
1151 2834 1243 2878 natura
1258 2834 1393 2890 compers-

278 2909 344 2964 tum,
361 2910 390 2954 ut
404 2902 467 2955 viris
484 2901 546 2966 illis,
567 2904 613 2976 qui
630 2907 718 2961 omnis
739 2909 838 2962 circum
854 2928 881 2962 rs
903 2920 1030 2974 movent,
1057 2909 1144 2962 omnis
1167 2922 1272 2979 quoque
1287 2898 1396 2955 infensis

278 2982 375 3037 animis
392 2983 525 3053 obsistent,
538 2996 564 3039 et
578 2984 660 3058 glorie
672 2990 736 3060 ipss,
750 2990 792 3044 cui
806 3000 876 3044 tsnts
888 2991 1027 3063 cupiditste
1047 2992 1158 3054 inhient,
1171 2987 1245 3061 qussi
1258 2982 1397 3038 Ηοιιιίιῑιι

238 3080 240 3085 ’
278 3062 324 3118 ills
337 3065 489 3132 Necessitas,
505 3087 580 3123 manu
592 3083 672 3141 gestes
687 3073 770 3126 abeno
785 3084 898 3141 catenas,
916 3074 1041 3139 sterilis,
1055 3080 1215 3145 semermes
1230 3085 1330 3123 venene

310 3191 345 3243 At
358 3209 410 3245 non
424 3195 559 3266 egregium
572 3194 651 3248 modo
663 3207 821 3252 nsrrstorem
833 3217 921 3252 rerum
935 3198 961 3252 in
974 3197 1111 3254 Plutarcho
1122 3198 1248 3264 inveniam
1259 3191 1305 3246 sed
1315 3187 1395 3245 elim

276 3289 340 3341 quse
354 3273 459 3343 quidem
471 3275 512 3330 illi
527 3277 662 3349 praecipua
672 3278 727 3334 laus
740 3289 788 3346 est,
802 3299 907 3335 morum
921 3281 1098 3336 felicissimum
1110 3279 1297 3350 indagatorem,
1310 3289 1395 3327 emn-

276 3357 446 3426 timoremque
464 3359 661 3428 peritissimum.
676 3362 783 3432 Optime
796 3363 868 3423 enim
892 3363 1063 3428 intellexerat,
1076 3361 1139 3433 quid
1156 3357 1280 3432 propositi
1298 3353 1395 3408 inim

278 3432 369 3487 debeat
382 3435 413 3501 is,
430 3438 475 3509 qui
493 3438 558 3492 vitas
574 3438 702 3496 clerorum
716 3443 835 3497 virorum
851 3447 992 3515 scripturus
1009 3451 1056 3508 est3
1073 3459 1166 3510 nempe
1179 3439 1250 3492 viros
1270 3434 1404 3507 praebete·

275 3515 359 3571 veluti
376 3523 483 3573 intraret
500 3523 528 3575 in
547 3536 601 3576 arte
616 3525 782 3595 conspicuos,
800 3545 848 3581 trec
874 3526 978 3599 publica
999 3537 1100 3581 tentum
1121 3525 1201 3586 taen,
1218 3519 1263 3574 sed
1280 3516 1395 3590 Ρῑῖιῑῑθ·

275 3618 379 3672 quoque
394 3619 489 3671 mores,
507 3603 607 3672 priests
628 3604 696 3660 dicts
717 3607 745 3660 io
761 3612 962 3662 commentarios
976 3609 1081 3663 referre.
1101 3607 1200 3670 sliam,
1216 3613 1246 3657 ut
1262 3600 1316 3673 ipse
1333 3615 1390 3651 rne·

275 3692 368 3745 morat,
390 3683 419 3735 in
440 3683 569 3758 plerisque
585 3687 679 3742 horum
697 3689 815 3744 virorum
831 3690 941 3763 publicis
958 3691 1111 3745 facinoribus
1118 3729 1129 3754 ,
1145 3688 1261 3741 tortuose
1280 3681 1393 3736 malm

276 3781 334 3832 pars
349 3765 485 3821 tribuenda
498 3779 546 3837 est,
560 3769 582 3822 si
596 3771 659 3842 quid
673 3791 736 3826 vero
752 3773 846 3843 privsti
859 3774 977 3836 iecerint,
987 3773 1008 3825 si
1018 3791 1068 3843 qus
1080 3771 1158 3826 verba
1171 3768 1292 3832 dixerint,
1300 3767 1327 3819 in
1341 3763 1392 3828 bis,

274 3843 355 3898 veluti
370 3846 397 3899 in
409 3849 522 3918 quodem
533 3850 648 3921 speculo,
665 3853 831 3924 cogitationes
846 3854 914 3925 ipsas
930 3865 956 3907 et
978 3854 1098 3908 intimem
1114 3860 1231 3905 mentem
1244 3846 1390 3919 deprehen·
1444 3883 1450 3895 ι

274 3922 337 3978 dere
350 3937 414 3983 estn
431 3933 504 4000 Quse
519 3933 625 4004 quidem
639 3935 750 4006 apertius
762 3946 788 3990 et
804 3937 886 3990 insius
899 3934 962 3988 olibi
977 3936 1096 4008 explieat:
1117 3934 1191 3988 rNon
1206 3952 1270 4005 ego,
1292 3928 1389 4003 inquii»

274 4001 392 4062 historias
411 4011 513 4080 scribo,
537 4013 582 4067 sed
606 4016 688 4084 vitm
705 4036 754 4074 nec
769 4035 830 4072 sene
846 4015 1024 4071 illustrissimis
1039 4016 1190 4072 iecinoribus
1209 4033 1311 4088 semper
1324 4015 1392 4068 intel

276 4085 392 4144 sbsoluts
404 4095 496 4149 virtuti
508 4106 551 4151 sut
566 4099 688 4154 vitiorum
706 4099 896 4167 manifesteti03
917 4109 943 4154 at
959 4100 1060 4170 saepius
1076 4099 1133 4155 leve
1150 4098 1280 4174 quoddam
1295 4096 1392 4151 iscium

276 4176 318 4221 sut
336 4168 446 4238 dictum,
463 4174 507 4230 vel
519 4179 627 4249 puerilis
642 4179 723 4247 lusus,
746 4198 833 4239 mores
850 4181 935 4256 magis
952 4190 1040 4254 operte
1053 4181 1174 4250 dedant,
1188 4198 1269 4256 quen
1284 4186 1390 4243 mettii
