3352 5572
388 328 395 339 '
441 427 541 550 248
882 410 1107 517 ²evasurus

440 657 575 769 capitis
589 656 763 738 absentes
780 655 1029 735 damnantur:
1055 658 1097 733 in
1115 655 1173 734 his
1185 657 1387 739 Eumenes.
1406 661 1565 745 Hacille
1651 677 1659 695 ·

437 775 639 890 perculsus
664 775 777 882 plaga
801 804 882 855 non
908 773 1122 868 succubuit,
1140 798 1270 880 nequo
1289 804 1336 856 eo
1349 784 1472 860 secius
1480 783 1563 862 bel·

437 901 518 979 lnm
545 895 833 975 administrarit.
861 893 937 970 Sed
965 890 1081 970 exiles
1101 919 1160 969 res
1187 897 1301 971 animi
1328 901 1559 1002 maguitudi-

437 1044 540 1111 nem,
557 1017 628 1093 etsi
653 1040 732 1093 non
744 1012 985 1118 frangebant,
1012 1027 1136 1088 tamen
1150 1013 1432 1092 imminuebant
1444 1020 1563 1097 Hunc
1639 1044 1641 1049 ·

436 1160 671 1244 persequens
690 1133 915 1235 Antigonus,
933 1158 1052 1235 quum
1066 1134 1171 1206 omni
1182 1138 1345 1236 genere³
1362 1138 1560 1243 copiarum

439 1251 671 1342 abundaret,
703 1275 814 1353 saepe
850 1251 891 1323 in
928 1245 1125 1324 itineribus
1161 1248 1394 1328 vexabatur:
1431 1280 1560 1358 neque

381 1443 384 1449 ,
437 1348 624 1474 unquam⁸
641 1365 689 1440 ad
720 1390 873 1441 manum
899 1364 1082 1442 accedere
1108 1364 1268 1465 licebat,
1288 1370 1359 1445 nisi
1380 1370 1438 1446 his
1455 1369 1563 1468 locis,

393 1554 405 1581 ,
440 1487 580 1592 quibus
600 1485 712 1591 pauci
740 1500 894 1589 possent
912 1482 1040 1560 multis
1067 1485 1251 1561 resistere.
1288 1485 1363 1563 Sed
1393 1504 1562 1568 extremo

439 1622 625 1707 tempore,
652 1627 770 1704 quum
788 1599 947 1677 consilio
972 1602 1057 1705 capi
1075 1627 1155 1678 non
1173 1619 1298 1704 posset
1316 1604 1561 1685 multitudine

339 1808 343 1815 ¹
361 1788 371 1815 ,
438 1721 719 1809 circumventus
734 1723 830 1794 est.⁴
847 1718 946 1793 Hinc
964 1733 1102 1810 tamen,
1121 1715 1249 1795 multis
1259 1720 1333 1794 suis
1347 1723 1562 1814 amissis,so

439 1832 645 1941 expedivit,
672 1850 710 1909 et
729 1836 770 1909 iu
789 1831 987 1947 castellum
1005 1835 1206 1938 Pbrygiae,
1227 1839 1243 1888 ⁵
1259 1835 1365 1940 quod
1380 1837 1559 1943 Noraap-

437 1952 629 2064 pellatur,
655 1952 836 2058 confugit.
862 1955 907 2028 In
927 1981 1003 2054 quo
1022 1981 1142 2058 quum
1161 1951 1522 2047 circumsederetur,
1541 1962 1558 2008 ⁶

439 2089 479 2154 et
510 2086 722 2167 vereretur,
753 2098 803 2147 ne
828 2097 908 2148 uno
932 2068 1019 2149 loco
1047 2097 1201 2149 manens
1233 2099 1351 2179 equos
1379 2071 1558 2150 militares

438 2190 632 2299 perderet,
649 2188 756 2294 quod
773 2191 936 2294 spatium
951 2213 1032 2264 non
1052 2207 1148 2266 esset
1168 2188 1357 2293 agitandi:
1377 2187 1561 2267 callidum

438 2310 516 2386 fnit
538 2309 620 2385 eius
640 2309 853 2399 inventurn,
884 2304 1204 2413 quemadmodum
1223 2323 1324 2384 stans
1352 2309 1564 2385 iumentum

440 2422 605 2503 calefieri
624 2425 874 2528 exercerique
891 2440 1028 2525 posset,
1040 2450 1120 2528 quo
1130 2422 1311 2501 libentius
1324 2440 1363 2501 et
1380 2423 1466 2503 cibo
1481 2442 1563 2502 utc-

439 2554 562 2638 retur,
573 2552 652 2616 eta
677 2541 850 2646 corporis
861 2555 968 2616 motu
986 2565 1066 2617 non
1085 2555 1356 2618 removeretur.
1374 2539 1564 2617 Substrin-

438 2809 488 2866 but
497 2807 583 2872 rebus,
597 2815 697 2863 vetusto
707 2806 877 2864 Macedonum
890 2826 974 2880 more,
1060 2810 1103 2878 (5)
1117 2807 1150 2862 Ia
1161 2807 1289 2861 aarum
1300 2807 1443 2879 Phrygiae.
1460 2806 1562 2861 Noram

439 2891 587 2963 inquirebat
619 2892 744 2946 exercitus
764 2911 786 2945 s.
821 2894 974 2948 Locorum.
1024 2893 1052 2946 iu
1064 2891 1237 2964 Cappadociae
1255 2909 1284 2944 ac
1302 2892 1447 2962 Lycaoniae
1465 2891 1563 2946 finibus

439 2977 510 3034 vide
526 2975 593 3046 apud
605 2970 727 3059 Tac'n
742 2979 812 3030 Anu.
828 2976 892 3031 liber
906 2981 934 3042 1,
950 2995 973 3033 c.
1025 2996 1078 3030 ease
1090 2975 1180 3031 scribit
1195 2975 1399 3043 Plutarchus31t
1413 2995 1475 3032 vero
1488 2980 1563 3032 iuxta

440 3064 489 3126 44,
511 3057 733 3115 seditiosissimum
751 3079 884 3132 quemque
900 3060 973 3115 mitt·
1025 3066 1142 3115 Taurum
1160 3072 1280 3116 montem
1305 3059 1371 3116 locat
1393 3061 1486 3115 Strabo
1516 3062 1563 3116 lib.
1603 3088 1607 3095 ·

440 3153 495 3199 tem
506 3143 538 3197 ab
550 3144 661 3197 exercitu
675 3143 856 3217 iudicecapitis
870 3145 973 3199 damna·
1024 3147 1093 3210 xlt,
1107 3155 1133 3200 et
1146 3163 1191 3199 sua
1205 3155 1287 3199 aetate
1305 3146 1456 3201 Neroassarn
1469 3146 1560 3218 appel-

440 3236 507 3283 tum.
521 3258 555 3271 -
579 3228 675 3298 Cupitis
689 3229 801 3282 absentes
815 3231 975 3284 donimamus.
1026 3214 1077 3281 luri
1094 3229 1166 3282 dicit.
1180 3230 1303 3284 Cauaras.
1320 3232 1373 3284 em
1388 3229 1440 3283 huc
1453 3248 1480 3284 se
1498 3247 1563 3282 con·

440 3311 634 3384 Quinquaginta
645 3312 704 3380 alii,
718 3312 761 3368 alii
778 3312 864 3367 solum
881 3315 976 3366 Eume·
1028 3311 1134 3377 tulerit,
1157 3312 1217 3366 vide
1233 3312 1299 3384 apud
1318 3313 1445 3368 Plutarch.
1455 3322 1481 3368 et
1494 3314 1560 3368 Dio·

439 3408 642 3467 nem,taoqoam
654 3397 810 3468 principem,
823 3396 975 3451 damnatum
1027 3396 1130 3451 dorum.

439 3491 658 3536 commemorant
1061 3484 1104 3551 (6)
1118 3481 1345 3537 circumsederetur.
1359 3482 1400 3535 Ab
1414 3483 1469 3551 ipso
1485 3482 1562 3536 Anti-

443 3560 448 3571 '
474 3568 518 3634 (3)
534 3567 677 3636 Antigonus
684 3605 694 3629 ,
710 3569 863 3634 qausmomm
876 3584 974 3635 genere.
1026 3584 1104 3639 gono,
1118 3568 1143 3620 si
1155 3565 1294 3621 Plutarcho
1310 3565 1381 3619 fides.
1399 3593 1428 3606 -
1445 3563 1561 3636 Spartam

439 3649 493 3719 Qui
514 3650 657 3720 praefectus
682 3649 765 3701 fuemt
789 3648 821 3700 ab
842 3648 976 3719 Antipatro
1026 3651 1152 3722 agitandi.
1161 3650 1268 3723 Proprie
1280 3650 1313 3703 de
1330 3648 1412 3722 equis.
1432 3650 1562 3719 sQuadri·

439 3750 548 3804 magnae
561 3730 690 3805 Phrygiae
704 3741 730 3785 et
742 3731 855 3795 Ciliciae,
865 3742 890 3786 ct
904 3752 975 3803 prae·
1026 3753 1088 3809 gas,
1104 3735 1242 3808 bigasque,
1262 3745 1288 3790 et
1303 3753 1383 3809 equor
1408 3733 1563 3790 desultorios

440 3830 510 3873 terea
522 3819 646 3873 exercitui
667 3817 740 3889 regio
757 3837 873 3888 praeesse
893 3820 974 3874 iussus
1027 3821 1190 3892 agitaverunt
1223 3818 1378 3875 nobilissimi
1405 3821 1515 3875 iuvenes
1538 3841 1562 3876 u.
1654 3822 1662 3843 ⁸

441 3905 514 3973 er'at,
531 3902 753 3978 quemadmodum
776 3904 853 3960 tradit
874 3905 974 3960 Diodo·
1026 3907 1167 3961 Suetonius
1180 3907 1210 3959 in
1226 3906 1249 3960 l.
1262 3906 1387 3971 Caesare,
1400 3923 1457 3979 cap.
1474 3907 1517 3962 39.
1527 3936 1562 3949 -

440 4006 492 4043 rus.
509 3993 618 4044 Laura.
1029 3990 1159 4045 Callidum
1171 3991 1225 4063 suit
1237 3994 1290 4045 eiua
1307 3997 1440 4045 meudun.
1457 3991 1497 4044 Ds
1510 3988 1560 4044 hoc

474 4076 515 4142 (4)
540 4074 706 4129 Multitudine
729 4079 903 4130 circumuentus
929 4088 975 4132 est.
1025 4075 1149 4129 Eumenia
1182 4073 1291 4129 consilio
1318 4074 1379 4128 vide
1414 4071 1561 4128 Diodorum

441 4157 617 4213 Proditionem
629 4161 714 4215 innuit
725 4161 886 4228 Plutarchus,
895 4180 916 4215 c
926 4163 974 4230 tx,
1025 4159 1123 4230 xvttt;
1138 4156 1302 4215 Plutarchum
1311 4164 1336 4212 et
1346 4157 1499 4211 frontinum
1512 4157 1561 4222 tv,

440 4250 469 4297 et
481 4236 637 4311 proditorem
654 4242 837 4314 Apollonidem
855 4245 974 4317 producit
1025 4250 1051 4310 7,
1068 4250 1110 4298 tt.
1257 4242 1260 4247 ⁴

439 4320 571 4383 Diodorus
587 4322 684 4392 xvttt,
695 4331 737 4382 tt.
752 4327 814 4379 Tse.
