3352 5572
711 456 940 524 4444444444
1299 428 1395 551 443

278 665 296 725 ii
313 662 429 736 lipom·
442 660 531 734 diyttt
547 660 601 733 γὰρ
617 655 703 730 ἥδιον,
716 663 734 721 41
749 661 870 717 maestis.
888 663 929 715 De
947 657 1069 731 Agesilao
1084 657 1162 712 etism
1180 656 1231 712 slis
1243 658 1307 717 elios
1320 660 1402 720 luteu-

276 749 314 804 lis
329 747 434 802 deterit.
448 749 483 801 V.
499 746 567 801 Plut.
581 765 605 818 p.
619 750 679 800 614.
695 745 789 817 Neque
806 744 884 802 video
896 759 1010 808 csussm,
1027 760 1071 796 cur
1089 744 1154 796 vitio
1170 746 1195 798 el
1205 745 1284 799 suerit
1297 765 1401 802 versum

276 829 346 902 quod
363 838 454 884 coutrs
466 828 640 901 Ephesiorum
661 829 818 882 sententium
832 825 994 898 evulgaverit
1016 824 1115 896 primus
1132 826 1273 880 llemstruti
1294 845 1400 883 nomeu.

275 912 311 968 V.
324 907 552 965 Velhlsxlmlih.
574 911 644 975 Vlll‚
660 927 684 962 4.
706 915 745 961 14.
771 918 822 963 444.
840 914 865 962 ὁ.
882 908 943 961 8444
962 906 1089 978 quidem,
1106 907 1258 978 scriptorem
1275 910 1402 981 84444444-

275 1009 353 1048 mum
370 990 522 1064 Polybium,
537 992 583 1064 qui
597 990 644 1044 lib.
658 991 754 1058 x11,e.
778 995 818 1055 15,
835 988 949 1060 prudeus
962 988 1126 1059 Theopompi
1141 987 1248 1042 dictum·
1257 988 1290 1042 de
1302 992 1402 1061 optinm

276 1073 406 1129 ilistorico
417 1091 479 1128 oum
491 1074 600 1146 posteris
610 1072 812 1127 communicavit
829 1069 878 1125 lib.
894 1072 963 1134 XVI,
977 1088 1034 1142 csp.
1050 1078 1092 1135 tt,
1105 1079 1131 1123 et
1143 1070 1225 1142 (quod
1237 1072 1288 1125 ism
1301 1073 1403 1126 notssit

274 1156 420 1210 Torrenius
436 1156 469 1209 sd
482 1154 706 1220 Vellduimum)
724 1157 753 1208 in
765 1157 829 1208 Ere.
843 1151 875 1206 de
896 1153 994 1206 Virtut.
1012 1160 1038 1205 et
1054 1150 1139 1220 Vitiis,
1163 1170 1178 1205 4
1200 1171 1260 1224 pag.
1281 1159 1348 1208 4375
1367 1152 1402 1208 ad

275 1253 335 1308 pag.
352 1240 436 1304 4381),
457 1237 485 1292 44
503 1255 566 1292 eum
582 1254 660 1307 quam
677 1234 790 1307 plurima
810 1234 966 1290 evomuisse.
989 1235 1080 1289 Varios
1097 1235 1229 1288 4444444444
1251 1233 1284 1287 de
1306 1234 1399 1289 Theo·

274 1333 373 1390 pompo
385 1321 524 1374 4441444444
538 1319 688 1373 Perizonius
699 1318 777 1373 etism
789 1318 868 1371 refert
878 1317 910 1370 sd
926 1316 1074 1386 Ι4444444444,
1092 1315 1138 1370 lib.
1152 1316 1190 1370 lll
1202 1317 1342 1386 v.11.esp.
1358 1321 1401 1380 st,

275 1395 304 1450 io
320 1395 384 1451 line.
399 1397 442 1453 Cl.
455 1395 602 1470 wesseling
625 1398 793 1469 tsmen0iure
818 1399 945 1450 affirmare
960 1416 987 1451 se
1005 1414 1077 1466 posse
1094 1396 1231 1465 opinstur‚
1254 1395 1399 1450 Diodonsru

274 1479 393 1535 Siculum
410 1480 440 1533 iu
451 1478 565 1552 Philippi
581 1480 659 1534 rebus
676 1478 853 1534 descrihendis
872 1478 1038 1550 Theopompi
1059 1479 1169 1548 vestigia
1182 1477 1346 1547 potissimum
1360 1476 1402 1530 le-

275 1565 354 1634 gisse.
366 1562 434 1620 Vide
447 1580 507 1617 eum
525 1563 557 1616 441
577 1561 625 1616 lib.
646 1561 718 1625 XVl,
734 1578 790 1632 esp.
806 1567 831 1624 3,
850 1578 877 1614 u.
897 1567 941 1627 435
958 1559 1024 1613 sdde
1044 1561 1164 1614 Voesium
1189 1558 1261 1614 lib.l
1281 1558 1313 1613 de
1330 1561 1398 1613 Hist.

277 1647 326 1699 Gr.
344 1664 368 1702 c.
382 1652 407 1710 7,
426 1662 484 1718 με.
499 1649 541 1700 32.
556 1644 588 1697 tn
605 1660 684 1715 quem
710 1641 861 1714 Philippum
882 1651 969 1697 tsmeu
990 1639 1105 1713 plurima
1128 1645 1175 1696 luit
1192 1642 1402 1712 invertus‚unde

273 1729 445 1800 asperrimm
459 1725 562 1780 dicendi
580 1742 662 1794 genus
679 1723 878 1794 Theopompium
900 1733 1013 1777 vocatur.
1027 1726 1062 1777 V.
1076 1725 1166 1796 Pomp.
1186 1724 1217 1778 nd
1235 1725 1288 1780 Cic.
1301 1722 1347 1779 lib.
1367 1726 1400 1794 ll,

275 1808 308 1864 ud
322 1811 377 1865 Au.
394 1811 443 1880 Ep.
457 1814 483 1862 6.
499 1806 551 1861 Sed
568 1805 685 1876 qusestio
698 1814 746 1869 441,
763 1823 825 1860 vere
842 1824 876 1859 su
893 1805 955 1859 sulse
972 1806 1110 1875 scripserit.
1130 1807 1207 1860 Certe
1220 1808 1338 1861 Diodoro
1354 1807 1401 1861 Si·

274 1890 335 1946 culo
349 1891 430 1962 igitur
448 1888 512 1943 fides
524 1889 579 1942 eius
593 1906 646 1941 nou
666 1887 715 1940 luit
735 1897 860 1958 suspecta3
875 1897 901 1941 et
914 1888 982 1941 inter
1000 1887 1088 1941 decem
1106 1886 1243 1943 historicos
1260 1907 1314 1942 non
1329 1907 1402 1959 spen·

274 1974 373 2029 nendos
385 1979 537 2028 numeretur
551 1972 579 2024 in
591 1970 683 2040 fragm.
698 1968 872 2023 Bibliothecae
888 1968 995 2023 coislin.
1009 1988 1058 2040 psg
1083 1975 1143 2035 5973
1163 1972 1257 2041 etipse
1271 1971 1357 2041 Nepos
1370 1970 1399 2023 h.

274 2055 296 2110 l.
307 2072 371 2109 eum
391 2054 474 2123 iungit
496 2069 560 2105 44444
584 2048 759 2120 Thucydide,
777 2053 825 2122 qui
841 2061 956 2104 accuratu
974 2069 1063 2103 rerum
1087 2048 1261 2122 descriptione
1278 2051 1400 2105 omuibus

187 2202 190 2206 .
275 2133 410 2189 Historiois
426 2132 566 2201 antecellit,
577 2143 606 2186 ut
618 2132 681 2186 dicit
694 2131 820 2186 Aristides
832 2133 952 2186 Oration.
966 2142 1031 2186 tom.
1050 2134 1084 2197 tt,
1098 2151 1155 2204 psg.
1177 2137 1235 2186 420.
1256 2135 1296 2184 De
1309 2133 1399 2187 Theo·

278 2234 375 2289 pompo
390 2214 453 2269 vide
465 2215 569 2270 llosium
585 2214 617 2268 sd
632 2215 753 2286 lphirmt.
767 2232 823 2285 cop.
841 2219 866 2274 3.
881 2215 906 2285 ς.
925 2219 949 2266 2.
964 2214 1057 2267 Nonne
1071 2217 1174 2285 egregie
1187 2224 1214 2267 et
1231 2232 1292 2268 vere
1305 2214 1402 2270 4444444·

277 2300 331 2369 psit
343 2315 428 2352 mores
441 2294 560 2352 Eubuli?
576 2315 604 2352 u.
619 2295 653 2350 el.
670 2295 771 2350 Ruhnk.
786 2297 815 2350 444
831 2296 900 2349 Hist.
912 2295 976 2348 Crit.
995 2296 1068 2349 0441.
1089 2298 1138 2350 Gr.
1151 2314 1208 2366 psg.
1227 2300 1270 2360 66,
1288 2301 1333 2361 67,
1353 2301 1400 2362 85,

277 2384 321 2445 tt.
331 2388 401 2433 recte
418 2377 519 2434 vocssit
530 2377 678 2448 Agesilsum
696 2381 748 2432 reis
764 2377 821 2432 4444
836 2375 938 2440 roseus
956 2376 1151 2447 impaslruros.
1164 2379 1198 2431 V.
1215 2375 1283 2431 Plut.
1297 2396 1324 2449 p.
1338 2381 1401 2433 604.

275 2463 411 2518 Prseteres
423 2459 544 2525 444444444,
555 2469 584 2514 ut
597 2467 654 2513 tum
667 2467 751 2525 eraut,
762 2458 922 2528 tenporibus
941 2476 995 2512 nou
1011 2459 1099 2511 4444444
1120 2457 1212 2512 eodem
1230 2457 1310 2512 modo
1327 2461 1399 2513 rele-

275 2553 377 2597 suutur.
398 2541 560 2614 Phrynichus
576 2541 697 2596 Comicus
719 2538 878 2594 carminibus
898 2540 1050 2612 perstrinxit
1071 2538 1214 2595 Alcibiadis
1237 2549 1402 2608 44444444444,

274 2626 308 2682 V.
325 2622 451 2677 Peris.ad
463 2621 564 2679 helion.
581 2621 626 2676 lib.
644 2623 678 2675 lll
688 2624 722 2677 V.
735 2623 769 2674 tt
781 2639 806 2675 4.
815 2627 841 2675 11.
863 2618 934 2676 stov.
955 2622 994 2673 De
1008 2619 1116 2674 Timaeo
1136 2619 1263 2690 prseclsre
1281 2620 1399 2692 disputo·

274 2704 327 2774 sit,
345 2707 453 2778 eiusque
473 2703 601 2758 librorum
622 2703 766 2774 fragments
782 2700 890 2775 collegit
906 2703 1054 2756 Franciscus
1074 2702 1180 2756 Goeller
1199 2705 1227 2756 iu
1249 2701 1399 2756 doctissimo

276 2784 352 2841 libm:
371 2789 411 2840 De
427 2785 483 2842 Situ
496 2798 521 2840 et
534 2786 644 2858 Origine
666 2786 854 2854 Syracusarum
872 2784 908 2837 ad
923 2784 1101 2855 explicandam
1118 2783 1280 2855 Thucydidis
1294 2786 1402 2854 potissi·

275 2886 343 2922 mum
356 2867 487 2923 littorium
500 2870 608 2939 scripsit,
624 2878 697 2938 aspre
711 2865 818 2921 Philisti
831 2877 856 2920 et
873 2866 970 2919 Tinsaei
979 2864 1071 2918 44444444
1086 2863 1227 2919 Simulum
1240 2865 1400 2937 fragmenta

275 2949 367 3003 44444444
377 2949 424 3003 Fr.
437 2949 549 3004 Goeller.
567 2948 682 3020 Lipsiae,
692 2951 768 3018 4848,
781 2951 810 3012 8,
821 2964 849 3019 p.
864 2952 914 3001 179
927 2964 986 3020 sqq.
1000 2946 1084 3000 Burri.

309 3109 487 3164 Tusssrevnvs
504 3111 527 3172 1,
542 3125 567 3178 p.
583 3113 642 3162 142,
659 3106 745 3174 Vires,
769 3107 868 3179 vlmqrsc
882 3109 1058 3178 pregnantium.
1072 3104 1178 3160 Arsidet
1191 3104 1259 3160 mibi
1276 3104 1400 3160 Lambini

189 3205 194 3215 ’
275 3188 425 3244 emendatio
438 3189 547 3262 legentis
561 3194 812 3261 ementitumque
821 3205 900 3260 pragu.
917 3187 961 3243 vel
971 3188 1007 3242 ad
1018 3190 1070 3241 vim
1085 3191 1246 3259 virtmemque
1259 3205 1339 3258 pugm
1349 3188 1397 3242 Ci-

275 3288 349 3335 cero.
360 3289 440 3344 quem
453 3271 547 3325 Noster
566 3272 682 3343 sequitur
698 3270 746 3324 lib.
754 3270 774 3340 Ι,
796 3269 825 3323 iu
845 3272 954 3324 Verrem
970 3287 1026 3342 csp.
1043 3272 1087 3322 214
1104 3270 1202 3341 Regem
1222 3270 1317 3321 Persen
1334 3271 1361 3320 νί
1375 3279 1401 3321 et

278 3357 367 3406 41414414
384 3356 517 3423 mperoeit.
529 3353 564 3405 Et
579 3349 658 3423 psulo
672 3360 739 3419 post,
752 3369 784 3404 ee
799 3351 857 3404 sude
878 3344 997 3415 4444144444,Ι
1010 3354 1036 3403 vi
1056 3363 1080 3402 et
1099 3355 1186 3402 44444444
1200 3360 1284 3417 capsa.
1297 3349 1401 3402 Curtius

275 3434 381 3489 lorsitm
393 3428 520 3488 Nostrum
537 3435 654 3488 imitetus
667 3433 729 3486 dicit
742 3430 788 3486 lib.
803 3431 851 3497 lX,
871 3449 926 3504 cup.
944 3439 971 3496 7,
990 3432 1013 3502 ς.
1032 3437 1076 3494 16,
1092 3432 1213 3483 eximiam
1226 3434 1338 3482 4144414444
1353 3434 1399 3482 νί-

275 3518 351 3571 riumr
367 3515 412 3570 ubi
430 3517 540 3589 interpr.
551 3518 592 3570 De
605 3516 730 3570 4444144444
746 3515 838 3569 Closro
852 3512 1024 3569 consulendus
1038 3531 1083 3582 pro
1095 3511 1183 3576 Rslho,
1200 3527 1257 3580 esp.
1270 3516 1296 3564 4.
1304 3528 1331 3582 p.
1339 3515 1398 3566 526.

276 3595 373 3654 Staeer.
386 3595 470 3653 Valde
488 3597 610 3652 obscurus
625 3595 668 3650 hic
682 3594 754 3651 locus
770 3605 821 3660 est,
841 3596 961 3667 miroque
978 3593 1097 3646 lectionis
1113 3595 1223 3647 44444144
1239 3594 1268 3646 44
1284 3590 1360 3645 codd.
1373 3598 1401 3645 et

275 3678 370 3753 iugens
386 3680 561 3752 interpretum
574 3677 713 3734 dissensus.
725 3676 857 3750 Equidem
875 3679 903 3730 in
917 3674 1064 3729 coniectura
1076 3673 1183 3727 Putesni
1194 3672 1232 3726 444
1247 3677 1315 3728 44444
1328 3674 1397 3726 oim-

276 3778 327 3831 qse
340 3766 508 3834 pugnmrtium
521 3762 718 3833 requiescerem.
734 3758 814 3827 lism,
831 3767 966 3831 postquem
978 3756 1048 3809 huno
1058 3753 1145 3808 locssrn
1156 3755 1268 3808 curatius
1283 3769 1400 3826 perper-t

277 3840 378 3909 dersm,
396 3846 496 3910 41414444,
510 3852 649 3914 sntequsm
663 3841 733 3895 llosii
745 3850 834 3895 notem
851 3839 991 3911 legissem,
1009 3853 1040 3890 44
1055 3837 1084 3891 44
1098 3845 1215 3891 mentem
1232 3835 1300 3889 mihi
1314 3852 1397 3890 vene·

276 3933 348 3990 suut,
365 3942 432 3997 quse
452 3925 632 3980 acutissimum
649 3923 727 3978 illum
743 3923 866 3978 criticum
886 3919 1097 3974 snimsdvertlsse
1120 3926 1209 3990 postes
1230 3915 1399 3988 deprehendi.

277 4021 309 4058 44
324 4005 367 4071 iis,
382 4025 450 4080 quse
466 4007 625 4078 prseceduut
640 4016 666 4062 et
680 4013 834 4078 sequuntur,
849 4000 950 4072 oolllgi
970 4001 1012 4054 hir.
1031 4000 1130 4073 requiri
1149 3997 1258 4073 aliquid,
1278 3997 1349 4072 quod
1362 3997 1396 4052 ad

270 4086 417 4156 1444444414.
433 4099 461 4143 et
477 4088 589 4162 sliquid,
605 4087 674 4160 quod
689 4086 721 4140 ud
737 4087 831 4142 milites
847 4087 987 4156 pertinest3
1002 4081 1092 4137 ululis
1104 4082 1224 4136 omlttsm
1236 4088 1397 4154 arguments.

279 4163 362 4221 rou
377 4176 465 4222 sutem
476 4169 580 4241 proprie
593 4169 799 4224 vicissitudinem
811 4175 838 4221 et
848 4166 1017 4219 444441444444
1029 4161 1173 4234 desipuere,
1187 4171 1214 4216 et
1226 4180 1242 4215 s
1259 4160 1397 4223 Veteribus

278 4239 802 4325 delortumpsriterscbelluussupsri,
815 4244 1034 4307 docetidotulllt
1047 4245 1090 4304 vir
1105 4241 1399 4324 ammonitum,
