3352 5572
598 440 747 539 portora
1135 405 1236 554 ,149'

109 646 388 755 Peloponnesio
413 647 554 729 bello⁴
580 665 746 755 praetor,
772 650 1015 762 qouhapnd
1029 652 1152 762 Aegos
1165 655 1237 737 iln-

109 795 199 851 men
226 771 356 877 copiae
383 769 670 849 Atheniensium
688 799 710 846 a
726 770 931 878 Lysandro
945 789 1035 851 sunt
1052 772 1235 856 devictae.

109 888 182 966 Sed
209 895 291 965 tum
319 886 485 980 abfuit,⁵
513 916 636 996 eoque
662 891 861 994 peiuslres
878 892 1138 993 administrata
1165 900 1243 974 ests

108 1009 203 1103 Nam
229 1024 268 1084 et
293 1005 460 1110 prudens
486 1009 540 1086 rei
568 1004 757 1101 militaris,
786 1025 826 1085 et
859 1007 1021 1116 diligens
1041 1029 1132 1107 erat
1157 1014 1232 1091 im·

110 1127 217 1232 perii.
237 1125 648 1228 Itaquenaminierat
672 1125 728 1204 his
755 1128 991 1234 temporibus
1018 1127 1236 1223 dubium,si

108 1246 295 1338 affuisset,
321 1243 425 1324 illam
453 1244 700 1325 Athenienses
727 1234 977 1328 calamitatem
1009 1267 1234 1358 recepturos

107 1389 187 1442 non
214 1362 340 1442 luisse.
1253 1366 1259 1377 '

137 1480 371 1569 ,IL—Rebus,
385 1496 510 1558 autem
527 1482 672 1559 afflictis
692 1488 702 1534 ¹
735 1509 856 1586 quum
883 1487 1052 1589 patriam
1065 1483 1235 1565 obsideri

108 1600 293 1693 audisset,
319 1627 399 1677 non
425 1602 633 1706 quaesivit,
657 1601 725 1677 ubi
750 1602 831 1706 ipse
856 1609 944 1680 tuto
974 1604 1139 1697 viveret,
1168 1603 1234 1683 sed

86 1722 208 1797 unde
227 1712 412 1824 praesidio
439 1734 566 1824 posset
581 1744 671 1810 ,esse
698 1718 844 1797 civibus
861 1720 950 1799 suis.
976 1720 1112 1827 Itaque
1139 1747 1234 1800 con·

105 1835 194 1915 tulit
220 1863 259 1913 se
285 1834 334 1912 ad
365 1835 670 1926 Pharnabazum,
688 1839 705 1890 ²
724 1853 912 1943 satrapem
937 1839 1069 1915 Ioniae
1095 1853 1135 1916 et
1159 1840 1234 1944 Ly·

105 1955 208 2047 diae,
235 1953 486 2060 eumdemque
514 1981 698 2058 generum
725 1959 824 2060 regis
865 1972 904 2034 et
937 1961 1231 2064 propinquum:

104 2072 207 2177 apud
233 2100 347 2178 quem
360 2089 403 2149 ut
423 2071 584 2148 multum
603 2075 723 2176 gratia
749 2070 919 2166 valeret,
946 2072 1070 2151 multo
1093 2071 1227 2149 laboro

106 2186 313 2294 meritisque
340 2189 465 2264 effecit
491 2187 681 2294 perieulis.
718 2191 813 2266 Nam
839 2215 959 2296 quum
985 2187 1234 2269 Lacedaemo·

106 2303 174 2391 nii,
205 2304 500 2382 Atheniensibus
526 2305 701 2398 devictis,
726 2307 768 2383 in
794 2308 971 2383 societate
996 2332 1079 2383 non
1104 2330 1232 2382 mane·

105 2427 251 2515 rent,³
277 2450 394 2530 quam
421 2449 507 2501 cum
531 2424 739 2501 Artaxerxe
765 2422 963 2528 fecerant,
996 2420 1229 2532 Agesilaum·

135 2659 179 2729 (t)
190 2660 317 2714 Extrerrso
329 2657 515 2731 Peloponnesio
525 2656 638 2714 battala
688 2655 783 2722 ximus,
799 2657 918 2730 Cyprum
933 2655 967 2710 ad
979 2657 1127 2731 Largam
1139 2674 1231 2729 regns

101 2752 140 2797 est
157 2756 275 2799 extremo
299 2743 404 2798 huiusce
429 2744 490 2798 belli
510 2763 586 2798 anno.
605 2774 638 2788 -
689 2742 798 2814 auluglt;
815 2741 860 2796 ubi
873 2759 957 2814 quum
970 2740 1017 2796 din
1029 2740 1158 2808 latuisset,
1168 2750 1231 2797 ⁴tutta

101 2829 181 2899 Apud
194 2830 290 2900 Aegos.
319 2829 389 2885 Vide
406 2831 433 2883 irs
456 2830 591 2901 Lysandro
608 2833 630 2885 1.
689 2826 796 2880 demum
812 2826 1006 2881 Pharnabazum
1019 2824 1085 2882 adiit
1100 2825 1143 2882 ael
1161 2828 1229 2899 ipse,

135 2913 178 2981 (5)
204 2911 260 2964 Sed
286 2925 337 2967 tum
361 2913 453 2986 abjisit.
478 2912 638 2983 Xenophon.
689 2910 732 2964 vel
748 2909 832 2964 missis
850 2909 954 2974 litteris.
967 2911 1007 2965 uti
1024 2908 1106 2965 refert
1122 2909 1227 2966 Plutar-

101 2993 167 3049 llist.
178 3012 219 3067 gr.
232 2997 267 3064 11,
280 3005 307 3049 et
323 2994 475 3071 Plutarchus
494 2998 522 3050 in
540 2996 636 3063 Alcib,
688 2993 752 3048 ebus
766 2995 794 3049 in
808 2994 947 3048 Artaxerxe
964 2994 1078 3050 XXL-
1096 2996 1227 3051 ὒωοηιω

99 3077 236 3133 Cooomm
249 3079 355 3134 traduat
368 3079 465 3151 praelio
479 3080 636 3146 interfuisse,
688 3082 767 3151 re5is.
784 3078 934 3134 Artaxerxis
949 3076 1051 3134 scilieet
1066 3072 1228 3147 bluemoriis,

99 3180 255 3234 suorumque
264 3162 336 3218 clade
350 3174 481 3236 perspecta
490 3166 583 3236 (quum
596 3167 637 3219 vi·
685 3167 762 3218 *euius
779 3163 907 3235 Apamam
921 3161 1004 3218 liliam
1024 3161 1141 3220 duxerat.
1161 3162 1227 3219 Pla·

17 3276 29 3292 a
73 3236 88 3245 ³
99 3236 180 3301 disset
193 3247 392 3304 Atheniensium
405 3250 504 3321 oapias,
520 3248 634 3321 collega·
689 3247 792 3302 tarebns
808 3248 837 3301 in
854 3249 1005 3302 Artaxerxe.
1022 3275 1056 3292 ·-
1073 3247 1166 3302 Gratia
1178 3267 1228 3301 va·

98 3348 159 3387 rum
173 3335 273 3388 incuria
295 3333 421 3389 militibus
441 3332 563 3405 dilapsis,
582 3353 637 3389 esse
687 3333 754 3386 leret
765 3330 796 3386 ld
808 3341 856 3399 est,
867 3340 898 3385 ut
910 3350 973 3387 eum
986 3330 1145 3387 benevolum
1156 3328 1227 3385 adiu·

100 3400 246 3490 divicta),
262 3438 324 3476 curn
347 3439 391 3475 sua
412 3419 523 3493 aliisque
536 3431 637 3492 septem
686 3424 771 3470 torem
785 3415 901 3472 haberet.

101 3505 210 3561 navibus
224 3507 307 3560 milita
323 3505 467 3580 eompletis,
487 3516 513 3560 et
530 3508 634 3575 Paralo,
692 3538 695 3544 ·
719 3502 809 3572 (³)1n
825 3507 1003 3556 mitialem
1016 3511 1159 3557 martem·
1174 3499 1225 3555 Di·

100 3608 167 3645 nare
179 3592 293 3663 publiea,
310 3594 430 3665 Cyprum
443 3591 476 3647 ad
488 3594 636 3667 Evagorsm
686 3597 788 3659 strepat
811 3606 826 3640 s
850 3586 1024 3660 Xenophonte
1044 3595 1072 3640 et
1086 3583 1229 3641 Plotarebn

98 3693 189 3749 regem
205 3678 341 3749 aufugisse
687 3687 784 3731 noster.
802 3674 845 3729 Illi
861 3675 933 3729 enim
951 3681 1058 3730 namant
1074 3671 1227 3745 Agesilaum

131 3761 175 3829 (t)
191 3759 272 3813 liebus
283 3773 366 3814 satem
377 3761 588 3830 afflictabant,
605 3769 635 3815 ut
686 3782 700 3816 a
714 3761 925 3817 Lacedaemoniis
937 3760 966 3814 in
980 3761 1072 3816 Asiam
1085 3778 1141 3817 ease
1155 3760 1225 3816 mia·

99 3845 212 3901 lustinus
242 3847 284 3910 V,
309 3851 336 3908 8,
355 3846 492 3900 sDellstae
508 3865 536 3901 ar
554 3863 635 3919 prope
685 3862 762 3909 sunt,
780 3841 899 3915 eoquod
920 3841 1063 3896 exercitum
1088 3849 1116 3896 et
1131 3837 1226 3899 deeras

99 3931 215 4004 perditae
229 3930 289 3988 urbi
304 3929 391 3985 hostes
408 3929 634 4003 (Lacedaemonii)
685 3928 808 3982 adversos
819 3928 932 3981 Graecos
945 3926 978 3980 ab
991 3926 1226 4000 Artaxerxeparari

99 4021 292 4090 superveniunt,
309 4030 346 4084 et,
362 4018 497 4074 obsidione
518 4018 632 4070 eircum-
685 4013 838 4068 audiissent.
845 4010 905 4065 Non
918 4010 1000 4084 igitur
1012 4005 1225 4080 Lacedaemonii,

100 4101 170 4169 dats,
186 4103 380 4159 obsessoslame
395 4111 518 4176 urgente
538 4101 634 4156 Cino-
685 4097 731 4154 sed
755 4099 846 4152 Persae
874 4116 889 4152 s
913 4098 1034 4152 societate
1061 4096 1224 4154 deridebant.

99 4195 182 4243 suam
198 4191 226 4244 ia
241 4190 385 4263 Lysandro.
686 4181 815 4237 Lambino
827 4200 859 4236 ea
874 4181 978 4238 videtur
990 4180 1164 4257 intelligenda
1175 4200 1224 4238 aa·

116 4271 179 4339 ·(²)
203 4269 316 4327 &rutis
332 4291 359 4326 ss
375 4269 633 4326 metuam.
684 4268 864 4340 eietas,quanr
875 4266 1074 4325 lacedaemonii
1088 4269 1221 4324 earn'Ds·

99 4352 164 4415 noa
178 4354 275 4429 sain,
286 4357 359 4430 prius
374 4357 498 4424 animat
509 4372 586 4430 supra
597 4353 636 4410 di·
681 4351 1105 4435 flrtommtahstssmtsxssais
1116 4350 1222 4429 stcyrl
