<?xml version="1.0" encoding="UTF-8"?>
<!DOCTYPE html PUBLIC "-//W3C//DTD XHTML 1.0 Transitional//EN"
    "http://www.w3.org/TR/xhtml1/DTD/xhtml1-transitional.dtd">
<html xmlns="http://www.w3.org/1999/xhtml" xml:lang="en" lang="en">
 <head>
  <title>
</title>
<meta http-equiv="Content-Type" content="text/html;charset=utf-8" />
  <meta name='ocr-system' content='tesseract 3.04.00' />
  <meta name='ocr-capabilities' content='ocr_page ocr_carea ocr_par ocr_line ocrx_word'/>
</head>
<body>
  <div class='ocr_page' id='page_1' title='image "./corneliinepotis16nepogoog_0214.png"; bbox 0 0 3352 5572; ppageno 0'>
   <div class='ocr_carea' id='block_1_1' title="bbox 536 453 1245 570">
    <p class='ocr_par' dir='ltr' id='par_1_1' title="bbox 536 453 1245 570">
     <span class='ocr_line' id='line_1_1' title="bbox 536 453 1245 570; baseline 0 -51"><span class='ocrx_word' id='word_1_1' title='bbox 536 453 843 523; x_wconf 76' lang='lat' dir='ltr'><strong>EPAlilNONth</strong></span> <span class='ocrx_word' id='word_1_2' title='bbox 1148 468 1245 570; x_wconf 73' lang='lat'><strong>209</strong></span> 
     </span>
    </p>
   </div>
   <div class='ocr_carea' id='block_1_2' title="bbox 25 652 1346 3225">
    <p class='ocr_par' dir='ltr' id='par_1_2' title="bbox 69 652 1249 1127">
     <span class='ocr_line' id='line_1_2' title="bbox 69 652 1249 776; baseline 0.014 -43"><span class='ocrx_word' id='word_1_3' title='bbox 69 726 76 733; x_wconf 90' lang='lat'><strong>.</strong></span> <span class='ocrx_word' id='word_1_4' title='bbox 131 679 210 760; x_wconf 86' lang='lat' dir='ltr'><strong>que</strong></span> <span class='ocrx_word' id='word_1_5' title='bbox 218 652 320 734; x_wconf 86' lang='lat' dir='ltr'><strong>orbis</strong></span> <span class='ocrx_word' id='word_1_6' title='bbox 333 661 517 737; x_wconf 87' lang='lat' dir='ltr'><strong>terrarum</strong></span> <span class='ocrx_word' id='word_1_7' title='bbox 528 654 675 738; x_wconf 85' lang='lat' dir='ltr'><strong>divitias</strong></span> <span class='ocrx_word' id='word_1_8' title='bbox 691 663 865 768; x_wconf 85' lang='lat' dir='ltr'><strong>accipere</strong></span> <span class='ocrx_word' id='word_1_9' title='bbox 877 663 968 743; x_wconf 93' lang='lat' dir='ltr'><strong>nolo</strong></span> <span class='ocrx_word' id='word_1_10' title='bbox 978 690 1049 775; x_wconf 85' lang='lat' dir='ltr'><strong>pro</strong></span> <span class='ocrx_word' id='word_1_11' title='bbox 1068 669 1085 722; x_wconf 80' lang='lat'><strong>⁴</strong></span> <span class='ocrx_word' id='word_1_12' title='bbox 1101 673 1249 776; x_wconf 76' lang='lat' dir='ltr'><strong>patriae</strong></span> 
     </span>
     <span class='ocr_line' id='line_1_3' title="bbox 132 775 1249 889; baseline 0.013 -38"><span class='ocrx_word' id='word_1_13' title='bbox 132 777 299 852; x_wconf 86' lang='lat' dir='ltr'><strong>caritate.</strong></span> <span class='ocrx_word' id='word_1_14' title='bbox 319 777 388 865; x_wconf 59' lang='lat' dir='ltr'><strong>lh,</strong></span> <span class='ocrx_word' id='word_1_15' title='bbox 406 775 513 881; x_wconf 90' lang='lat' dir='ltr'><strong>quod</strong></span> <span class='ocrx_word' id='word_1_16' title='bbox 531 806 590 856; x_wconf 89' lang='lat' dir='ltr'><strong>me</strong></span> <span class='ocrx_word' id='word_1_17' title='bbox 606 783 844 884; x_wconf 80' lang='lat' dir='ltr'><strong>incognitum</strong></span> <span class='ocrx_word' id='word_1_18' title='bbox 864 786 1027 877; x_wconf 75' lang='lat' dir='ltr'><strong>tentasti,</strong></span> <span class='ocrx_word' id='word_1_19' title='bbox 1046 787 1183 889; x_wconf 85' lang='lat' dir='ltr'><strong>tuique</strong></span> <span class='ocrx_word' id='word_1_20' title='bbox 1200 791 1249 865; x_wconf 91' lang='lat' dir='ltr'><strong>si·</strong></span> 
     </span>
     <span class='ocr_line' id='line_1_4' title="bbox 132 884 1249 1010; baseline 0.013 -42"><span class='ocrx_word' id='word_1_21' title='bbox 132 892 256 971; x_wconf 90' lang='lat' dir='ltr'><strong>milem</strong></span> <span class='ocrx_word' id='word_1_22' title='bbox 266 884 715 992; x_wconf 70' lang='lat' dir='ltr'><strong>existimastimoniniror,</strong></span> <span class='ocrx_word' id='word_1_23' title='bbox 725 899 871 1002; x_wconf 90' lang='lat' dir='ltr'><strong>tibique</strong></span> <span class='ocrx_word' id='word_1_24' title='bbox 882 905 1051 1005; x_wconf 86' lang='lat' dir='ltr'><strong>ignosc03</strong></span> <span class='ocrx_word' id='word_1_25' title='bbox 1062 901 1129 981; x_wconf 90' lang='lat' dir='ltr'><strong>sed</strong></span> <span class='ocrx_word' id='word_1_26' title='bbox 1142 933 1249 1010; x_wconf 81' lang='lat' dir='ltr'><strong>egre·</strong></span> 
     </span>
     <span class='ocr_line' id='line_1_5' title="bbox 132 1008 1249 1127; baseline 0.013 -42"><span class='ocrx_word' id='word_1_27' title='bbox 132 1008 221 1088; x_wconf 87' lang='lat' dir='ltr'><strong>dere</strong></span> <span class='ocrx_word' id='word_1_28' title='bbox 241 1042 420 1123; x_wconf 86' lang='lat' dir='ltr'><strong>propere,</strong></span> <span class='ocrx_word' id='word_1_29' title='bbox 440 1043 489 1092; x_wconf 90' lang='lat' dir='ltr'><strong>ne</strong></span> <span class='ocrx_word' id='word_1_30' title='bbox 509 1016 602 1095; x_wconf 92' lang='lat' dir='ltr'><strong>alios</strong></span> <span class='ocrx_word' id='word_1_31' title='bbox 620 1042 854 1121; x_wconf 79' lang='lat' dir='ltr'><strong>corrumpas,</strong></span> <span class='ocrx_word' id='word_1_32' title='bbox 870 1047 989 1122; x_wconf 91' lang='lat' dir='ltr'><strong>quum</strong></span> <span class='ocrx_word' id='word_1_33' title='bbox 1009 1048 1157 1099; x_wconf 88' lang='lat' dir='ltr'><strong>menon</strong></span> <span class='ocrx_word' id='word_1_34' title='bbox 1176 1049 1249 1127; x_wconf 87' lang='lat' dir='ltr'><strong>po·</strong></span> 
     </span>
    </p>

    <p class='ocr_par' dir='ltr' id='par_1_3' title="bbox 25 1124 1321 1715">
     <span class='ocr_line' id='line_1_6' title="bbox 25 1124 1251 1243; baseline 0.014 -41"><span class='ocrx_word' id='word_1_35' title='bbox 25 1124 39 1151; x_wconf 81' lang='lat'>⁸</span> <span class='ocrx_word' id='word_1_36' title='bbox 133 1135 260 1213; x_wconf 83' lang='lat' dir='ltr'><strong>tueris.</strong></span> <span class='ocrx_word' id='word_1_37' title='bbox 282 1138 354 1230; x_wconf 92' lang='lat' dir='ltr'><strong>Tu,</strong></span> <span class='ocrx_word' id='word_1_38' title='bbox 371 1137 552 1243; x_wconf 88' lang='lat' dir='ltr'><strong>Micythe‚</strong></span> <span class='ocrx_word' id='word_1_39' title='bbox 572 1154 769 1240; x_wconf 83' lang='lat' dir='ltr'><strong>argentum</strong></span> <span class='ocrx_word' id='word_1_40' title='bbox 805 1137 896 1216; x_wconf 93' lang='lat' dir='ltr'><strong>huic</strong></span> <span class='ocrx_word' id='word_1_41' title='bbox 925 1139 1071 1218; x_wconf 83' lang='lat' dir='ltr'><strong>reddet</strong></span> <span class='ocrx_word' id='word_1_42' title='bbox 1106 1145 1180 1220; x_wconf 90' lang='lat' dir='ltr'><strong>nisi</strong></span> <span class='ocrx_word' id='word_1_43' title='bbox 1209 1139 1251 1219; x_wconf 88' lang='lat' dir='ltr'><strong>id</strong></span> 
     </span>
     <span class='ocr_line' id='line_1_7' title="bbox 131 1246 1321 1360; baseline 0.013 -39"><span class='ocrx_word' id='word_1_44' title='bbox 131 1246 328 1326; x_wconf 82' lang='lat' dir='ltr'><strong>confestim</strong></span> <span class='ocrx_word' id='word_1_45' title='bbox 361 1250 463 1342; x_wconf 88' lang='lat' dir='ltr'><strong>facis,</strong></span> <span class='ocrx_word' id='word_1_46' title='bbox 496 1280 565 1356; x_wconf 84' lang='lat' dir='ltr'><strong>ego</strong></span> <span class='ocrx_word' id='word_1_47' title='bbox 602 1268 639 1328; x_wconf 89' lang='lat' dir='ltr'><strong>te</strong></span> <span class='ocrx_word' id='word_1_48' title='bbox 666 1252 811 1329; x_wconf 87' lang='lat' dir='ltr'><strong>tradam</strong></span> <span class='ocrx_word' id='word_1_49' title='bbox 831 1258 1064 1360; x_wconf 81' lang='lat' dir='ltr'><strong>magistratui</strong></span> <span class='ocrx_word' id='word_1_50' title='bbox 1080 1291 1119 1337; x_wconf 71' lang='lat' dir='ltr'><strong>a.</strong></span> <span class='ocrx_word' id='word_1_51' title='bbox 1136 1259 1251 1335; x_wconf 87' lang='lat' dir='ltr'><strong>Hunc</strong></span> <span class='ocrx_word' id='word_1_52' title='bbox 1319 1272 1321 1277; x_wconf 81' lang='grc'><strong>’</strong></span> 
     </span>
     <span class='ocr_line' id='line_1_8' title="bbox 130 1366 1295 1483; baseline 0.008 -43"><span class='ocrx_word' id='word_1_53' title='bbox 130 1366 341 1446; x_wconf 84' lang='lat' dir='ltr'><strong>Diomedon</strong></span> <span class='ocrx_word' id='word_1_54' title='bbox 362 1397 481 1473; x_wconf 91' lang='lat' dir='ltr'><strong>quum</strong></span> <span class='ocrx_word' id='word_1_55' title='bbox 502 1387 663 1475; x_wconf 83' lang='lat' dir='ltr'><strong>rogaret,</strong></span> <span class='ocrx_word' id='word_1_56' title='bbox 682 1388 726 1448; x_wconf 91' lang='lat' dir='ltr'><strong>ut</strong></span> <span class='ocrx_word' id='word_1_57' title='bbox 745 1389 826 1450; x_wconf 89' lang='lat' dir='ltr'><strong>tuto</strong></span> <span class='ocrx_word' id='word_1_58' title='bbox 840 1376 956 1469; x_wconf 85' lang='lat' dir='ltr'><strong>exire,</strong></span> <span class='ocrx_word' id='word_1_59' title='bbox 975 1403 1133 1483; x_wconf 85' lang='lat' dir='ltr'><strong>suaque,</strong></span> <span class='ocrx_word' id='word_1_60' title='bbox 1152 1378 1251 1478; x_wconf 69' lang='lat' dir='ltr'><strong>quae</strong></span> <span class='ocrx_word' id='word_1_61' title='bbox 1286 1428 1295 1449; x_wconf 91' lang='lat'><strong>.</strong></span> 
     </span>
     <span class='ocr_line' id='line_1_9' title="bbox 133 1468 1251 1593; baseline 0.008 -35"><span class='ocrx_word' id='word_1_62' title='bbox 133 1485 338 1579; x_wconf 82' lang='lat' dir='ltr'><strong>attulisset,</strong></span> <span class='ocrx_word' id='word_1_63' title='bbox 349 1468 483 1565; x_wconf 70' lang='lat' dir='ltr'><strong>licerei</strong></span> <span class='ocrx_word' id='word_1_64' title='bbox 501 1490 649 1565; x_wconf 83' lang='lat' dir='ltr'><strong>efferre:</strong></span> <span class='ocrx_word' id='word_1_65' title='bbox 661 1520 687 1557; x_wconf 79' lang='lat' dir='ltr'><strong>c&lt;</strong></span> <span class='ocrx_word' id='word_1_66' title='bbox 696 1487 813 1581; x_wconf 87' lang='lat' dir='ltr'><strong>lstud,</strong></span> <span class='ocrx_word' id='word_1_67' title='bbox 825 1491 964 1593; x_wconf 88' lang='lat' dir='ltr'><strong>inquit,</strong></span> <span class='ocrx_word' id='word_1_68' title='bbox 973 1491 1251 1593; x_wconf 67' lang='lat' dir='ltr'><strong>faciamusque</strong></span> 
     </span>
     <span class='ocr_line' id='line_1_10' title="bbox 134 1604 1258 1715; baseline 0.007 -40"><span class='ocrx_word' id='word_1_69' title='bbox 134 1616 198 1678; x_wconf 87' lang='lat' dir='ltr'><strong>tua</strong></span> <span class='ocrx_word' id='word_1_70' title='bbox 217 1628 342 1695; x_wconf 89' lang='lat' dir='ltr'><strong>causa,</strong></span> <span class='ocrx_word' id='word_1_71' title='bbox 361 1604 430 1682; x_wconf 86' lang='lat' dir='ltr'><strong>sed</strong></span> <span class='ocrx_word' id='word_1_72' title='bbox 448 1632 556 1699; x_wconf 87' lang='lat' dir='ltr'><strong>mea;</strong></span> <span class='ocrx_word' id='word_1_73' title='bbox 576 1632 638 1701; x_wconf 91' lang='lat' dir='ltr'><strong>ne,</strong></span> <span class='ocrx_word' id='word_1_74' title='bbox 657 1606 688 1681; x_wconf 90' lang='lat' dir='ltr'><strong>si</strong></span> <span class='ocrx_word' id='word_1_75' title='bbox 710 1604 777 1680; x_wconf 91' lang='lat' dir='ltr'><strong>tibi</strong></span> <span class='ocrx_word' id='word_1_76' title='bbox 796 1608 844 1682; x_wconf 91' lang='lat' dir='ltr'><strong>sit</strong></span> <span class='ocrx_word' id='word_1_77' title='bbox 862 1611 1026 1711; x_wconf 85' lang='lat' dir='ltr'><strong>pecunia</strong></span> <span class='ocrx_word' id='word_1_78' title='bbox 1052 1608 1227 1715; x_wconf 88' lang='lat' dir='ltr'><strong>adempta</strong></span> <span class='ocrx_word' id='word_1_79' title='bbox 1236 1628 1258 1700; x_wconf 76' lang='lat'><strong>,⁸</strong></span> 
     </span>
    </p>

    <p class='ocr_par' dir='ltr' id='par_1_4' title="bbox 69 1720 1252 1943">
     <span class='ocr_line' id='line_1_11' title="bbox 69 1720 1251 1830; baseline 0.007 -37"><span class='ocrx_word' id='word_1_80' title='bbox 69 1806 70 1811; x_wconf 7' lang='grc' dir='ltr'>η</span> <span class='ocrx_word' id='word_1_81' title='bbox 132 1720 265 1825; x_wconf 89' lang='lat' dir='ltr'><strong>aliquis</strong></span> <span class='ocrx_word' id='word_1_82' title='bbox 285 1721 397 1822; x_wconf 91' lang='lat' dir='ltr'><strong>dicat,</strong></span> <span class='ocrx_word' id='word_1_83' title='bbox 413 1721 454 1799; x_wconf 92' lang='lat' dir='ltr'><strong>id</strong></span> <span class='ocrx_word' id='word_1_84' title='bbox 473 1721 522 1799; x_wconf 89' lang='lat' dir='ltr'><strong>ad</strong></span> <span class='ocrx_word' id='word_1_85' title='bbox 541 1750 600 1798; x_wconf 90' lang='lat' dir='ltr'><strong>me</strong></span> <span class='ocrx_word' id='word_1_86' title='bbox 630 1740 804 1825; x_wconf 88' lang='lat' dir='ltr'><strong>ereptum</strong></span> <span class='ocrx_word' id='word_1_87' title='bbox 824 1727 1054 1829; x_wconf 87' lang='lat' dir='ltr'><strong>pervenisse,</strong></span> <span class='ocrx_word' id='word_1_88' title='bbox 1066 1724 1174 1830; x_wconf 92' lang='lat' dir='ltr'><strong>quod</strong></span> <span class='ocrx_word' id='word_1_89' title='bbox 1188 1722 1251 1801; x_wconf 85' lang='lat' dir='ltr'><strong>de·</strong></span> 
     </span>
     <span class='ocr_line' id='line_1_12' title="bbox 130 1831 1252 1943; baseline 0.008 -35"><span class='ocrx_word' id='word_1_90' title='bbox 130 1831 248 1912; x_wconf 89' lang='lat' dir='ltr'><strong>latum</strong></span> <span class='ocrx_word' id='word_1_91' title='bbox 269 1839 440 1943; x_wconf 90' lang='lat' dir='ltr'><strong>accipere</strong></span> <span class='ocrx_word' id='word_1_92' title='bbox 459 1837 674 1916; x_wconf 90' lang='lat' dir='ltr'><strong>noluissem.</strong></span> <span class='ocrx_word' id='word_1_93' title='bbox 684 1870 711 1920; x_wconf 74' lang='lat' dir='ltr'><strong>aa</strong></span> <span class='ocrx_word' id='word_1_94' title='bbox 729 1839 762 1912; x_wconf 83' lang='lat' dir='ltr'><strong>A</strong></span> <span class='ocrx_word' id='word_1_95' title='bbox 780 1864 855 1939; x_wconf 93' lang='lat' dir='ltr'><strong>quo</strong></span> <span class='ocrx_word' id='word_1_96' title='bbox 884 1867 1004 1942; x_wconf 88' lang='lat' dir='ltr'><strong>quum</strong></span> <span class='ocrx_word' id='word_1_97' title='bbox 1025 1843 1252 1942; x_wconf 75' lang='lat' dir='ltr'><strong>quaesisset,</strong></span> 
     </span>
    </p>

    <p class='ocr_par' dir='ltr' id='par_1_5' title="bbox 59 1948 1346 2865">
     <span class='ocr_line' id='line_1_13' title="bbox 59 1948 1248 2060; baseline 0.003 -31"><span class='ocrx_word' id='word_1_98' title='bbox 59 1948 64 1973; x_wconf 76' lang='lat'>¹</span> <span class='ocrx_word' id='word_1_99' title='bbox 131 1980 210 2058; x_wconf 91' lang='lat' dir='ltr'><strong>quo</strong></span> <span class='ocrx_word' id='word_1_100' title='bbox 229 1980 268 2030; x_wconf 90' lang='lat' dir='ltr'><strong>se</strong></span> <span class='ocrx_word' id='word_1_101' title='bbox 288 1954 454 2032; x_wconf 81' lang='lat' dir='ltr'><strong>deduci⁵</strong></span> <span class='ocrx_word' id='word_1_102' title='bbox 472 1953 599 2050; x_wconf 81' lang='lat' dir='ltr'><strong>vellet,</strong></span> <span class='ocrx_word' id='word_1_103' title='bbox 618 1974 656 2032; x_wconf 94' lang='lat' dir='ltr'><strong>et</strong></span> <span class='ocrx_word' id='word_1_104' title='bbox 673 1953 737 2031; x_wconf 92' lang='lat' dir='ltr'><strong>ille</strong></span> <span class='ocrx_word' id='word_1_105' title='bbox 755 1955 920 2031; x_wconf 83' lang='lat' dir='ltr'><strong>Athenas</strong></span> <span class='ocrx_word' id='word_1_106' title='bbox 939 1952 1111 2050; x_wconf 80' lang='lat' dir='ltr'><strong>dixisset3</strong></span> <span class='ocrx_word' id='word_1_107' title='bbox 1132 1982 1248 2060; x_wconf 89' lang='lat' dir='ltr'><strong>prae·</strong></span> 
     </span>
     <span class='ocr_line' id='line_1_14' title="bbox 131 2070 1252 2176; baseline 0.002 -30"><span class='ocrx_word' id='word_1_108' title='bbox 131 2071 265 2146; x_wconf 89' lang='lat' dir='ltr'><strong>sidium</strong></span> <span class='ocrx_word' id='word_1_109' title='bbox 286 2070 401 2164; x_wconf 85' lang='lat' dir='ltr'><strong>dedit,</strong></span> <span class='ocrx_word' id='word_1_110' title='bbox 419 2089 462 2147; x_wconf 89' lang='lat' dir='ltr'><strong>ut</strong></span> <span class='ocrx_word' id='word_1_111' title='bbox 475 2100 522 2149; x_wconf 92' lang='lat' dir='ltr'><strong>eo</strong></span> <span class='ocrx_word' id='word_1_112' title='bbox 535 2089 619 2148; x_wconf 89' lang='lat' dir='ltr'><strong>tuto</strong></span> <span class='ocrx_word' id='word_1_113' title='bbox 641 2075 868 2176; x_wconf 86' lang='lat' dir='ltr'><strong>perveniret.</strong></span> <span class='ocrx_word' id='word_1_114' title='bbox 883 2075 1015 2174; x_wconf 76' lang='lat' dir='ltr'><strong>Neque</strong></span> <span class='ocrx_word' id='word_1_115' title='bbox 1029 2099 1118 2149; x_wconf 81' lang='lat' dir='ltr'><strong>vero</strong></span> <span class='ocrx_word' id='word_1_116' title='bbox 1137 2071 1178 2146; x_wconf 91' lang='lat' dir='ltr'><strong>id</strong></span> <span class='ocrx_word' id='word_1_117' title='bbox 1191 2097 1252 2148; x_wconf 86' lang='lat' dir='ltr'><strong>sa·</strong></span> 
     </span>
     <span class='ocr_line' id='line_1_15' title="bbox 133 2187 1249 2282; baseline 0.002 -21"><span class='ocrx_word' id='word_1_118' title='bbox 133 2188 178 2261; x_wconf 91' lang='lat' dir='ltr'><strong>tis</strong></span> <span class='ocrx_word' id='word_1_119' title='bbox 198 2187 355 2280; x_wconf 86' lang='lat' dir='ltr'><strong>habuit3</strong></span> <span class='ocrx_word' id='word_1_120' title='bbox 377 2188 444 2265; x_wconf 91' lang='lat' dir='ltr'><strong>sed</strong></span> <span class='ocrx_word' id='word_1_121' title='bbox 463 2191 588 2282; x_wconf 91' lang='lat' dir='ltr'><strong>etiam,</strong></span> <span class='ocrx_word' id='word_1_122' title='bbox 606 2205 650 2264; x_wconf 90' lang='lat' dir='ltr'><strong>ut</strong></span> <span class='ocrx_word' id='word_1_123' title='bbox 667 2187 867 2266; x_wconf 88' lang='lat' dir='ltr'><strong>inviolatus</strong></span> <span class='ocrx_word' id='word_1_124' title='bbox 885 2191 927 2264; x_wconf 92' lang='lat' dir='ltr'><strong>in</strong></span> <span class='ocrx_word' id='word_1_125' title='bbox 953 2215 1086 2269; x_wconf 88' lang='lat' dir='ltr'><strong>navem</strong></span> <span class='ocrx_word' id='word_1_126' title='bbox 1119 2212 1249 2265; x_wconf 85' lang='lat' dir='ltr'><strong>oscen·</strong></span> 
     </span>
     <span class='ocr_line' id='line_1_16' title="bbox 131 2290 1252 2410; baseline 0.002 -33"><span class='ocrx_word' id='word_1_127' title='bbox 131 2290 255 2397; x_wconf 77' lang='lat' dir='ltr'><strong>deret,</strong></span> <span class='ocrx_word' id='word_1_128' title='bbox 291 2331 360 2408; x_wconf 89' lang='lat' dir='ltr'><strong>per</strong></span> <span class='ocrx_word' id='word_1_129' title='bbox 390 2306 586 2409; x_wconf 82' lang='lat' dir='ltr'><strong>Chabriam</strong></span> <span class='ocrx_word' id='word_1_130' title='bbox 622 2306 911 2398; x_wconf 78' lang='lat' dir='ltr'><strong>Atheniensem,</strong></span> <span class='ocrx_word' id='word_1_131' title='bbox 949 2304 998 2381; x_wconf 90' lang='lat' dir='ltr'><strong>de</strong></span> <span class='ocrx_word' id='word_1_132' title='bbox 1021 2320 1100 2410; x_wconf 86' lang='lat' dir='ltr'><strong>qu&#39;o</strong></span> <span class='ocrx_word' id='word_1_133' title='bbox 1135 2330 1252 2409; x_wconf 84' lang='lat' dir='ltr'><strong>supra</strong></span> 
     </span>
     <span class='ocr_line' id='line_1_17' title="bbox 131 2412 1346 2515; baseline 0 -18"><span class='ocrx_word' id='word_1_134' title='bbox 131 2425 360 2499; x_wconf 88' lang='lat' dir='ltr'><strong>mentionem</strong></span> <span class='ocrx_word' id='word_1_135' title='bbox 399 2423 570 2515; x_wconf 87' lang='lat' dir='ltr'><strong>fecimus,</strong></span> <span class='ocrx_word' id='word_1_136' title='bbox 591 2422 726 2515; x_wconf 76' lang='lat' dir='ltr'><strong>effecit.</strong></span> <span class='ocrx_word' id='word_1_137' title='bbox 755 2422 1043 2500; x_wconf 84' lang='lat' dir='ltr'><strong>Abstinentiae⁶</strong></span> <span class='ocrx_word' id='word_1_138' title='bbox 1069 2422 1142 2498; x_wconf 91' lang='lat' dir='ltr'><strong>erit</strong></span> <span class='ocrx_word' id='word_1_139' title='bbox 1176 2422 1250 2497; x_wconf 92' lang='lat' dir='ltr'><strong>hoc</strong></span> <span class='ocrx_word' id='word_1_140' title='bbox 1338 2412 1346 2429; x_wconf 84' lang='lat'>&#39;</span> 
     </span>
     <span class='ocr_line' id='line_1_18' title="bbox 129 2538 1249 2645; baseline -0.001 -29"><span class='ocrx_word' id='word_1_141' title='bbox 129 2542 216 2617; x_wconf 87' lang='lat' dir='ltr'><strong>satis</strong></span> <span class='ocrx_word' id='word_1_142' title='bbox 233 2543 498 2618; x_wconf 88' lang='lat' dir='ltr'><strong>testimonium.</strong></span> <span class='ocrx_word' id='word_1_143' title='bbox 518 2539 683 2617; x_wconf 85' lang='lat' dir='ltr'><strong>Plurima</strong></span> <span class='ocrx_word' id='word_1_144' title='bbox 697 2540 851 2643; x_wconf 90' lang='lat' dir='ltr'><strong>quidem</strong></span> <span class='ocrx_word' id='word_1_145' title='bbox 861 2538 1249 2645; x_wconf 78' lang='lat' dir='ltr'><strong>proferrepossemus5</strong></span> 
     </span>
     <span class='ocr_line' id='line_1_19' title="bbox 129 2655 1250 2759; baseline 0 -27"><span class='ocrx_word' id='word_1_146' title='bbox 129 2657 195 2735; x_wconf 93' lang='lat' dir='ltr'><strong>sed</strong></span> <span class='ocrx_word' id='word_1_147' title='bbox 206 2658 337 2736; x_wconf 87' lang='lat' dir='ltr'><strong>modus</strong></span> <span class='ocrx_word' id='word_1_148' title='bbox 352 2657 589 2735; x_wconf 87' lang='lat' dir='ltr'><strong>adhibendus</strong></span> <span class='ocrx_word' id='word_1_149' title='bbox 604 2675 671 2752; x_wconf 88' lang='lat' dir='ltr'><strong>est,</strong></span> <span class='ocrx_word' id='word_1_150' title='bbox 689 2660 870 2759; x_wconf 87' lang='lat' dir='ltr'><strong>quoniam</strong></span> <span class='ocrx_word' id='word_1_151' title='bbox 883 2684 962 2736; x_wconf 88' lang='lat' dir='ltr'><strong>uno</strong></span> <span class='ocrx_word' id='word_1_152' title='bbox 975 2658 1048 2735; x_wconf 94' lang='lat' dir='ltr'><strong>hoc</strong></span> <span class='ocrx_word' id='word_1_153' title='bbox 1057 2655 1250 2735; x_wconf 86' lang='lat' dir='ltr'><strong>volumine</strong></span> 
     </span>
     <span class='ocr_line' id='line_1_20' title="bbox 129 2774 1249 2865; baseline -0.001 -13"><span class='ocrx_word' id='word_1_154' title='bbox 129 2777 224 2852; x_wconf 87' lang='lat' dir='ltr'><strong>vitas</strong></span> <span class='ocrx_word' id='word_1_155' title='bbox 245 2775 513 2852; x_wconf 85' lang='lat' dir='ltr'><strong>excellentium</strong></span> <span class='ocrx_word' id='word_1_156' title='bbox 531 2777 699 2855; x_wconf 87' lang='lat' dir='ltr'><strong>virorum</strong></span> <span class='ocrx_word' id='word_1_157' title='bbox 719 2774 947 2851; x_wconf 84' lang='lat' dir='ltr'><strong>concludere</strong></span> <span class='ocrx_word' id='word_1_158' title='bbox 973 2776 1249 2865; x_wconf 87' lang='lat' dir='ltr'><strong>constituimus,</strong></span> 
     </span>
    </p>

    <p class='ocr_par' dir='ltr' id='par_1_6' title="bbox 93 2862 1249 3225">
     <span class='ocr_line' id='line_1_21' title="bbox 93 2862 1249 3000; baseline -0.001 -33"><span class='ocrx_word' id='word_1_159' title='bbox 93 2862 292 2994; x_wconf 65' lang='lat' dir='ltr'><strong>&#39;quorum</strong></span> <span class='ocrx_word' id='word_1_160' title='bbox 310 2895 508 3000; x_wconf 87' lang='lat' dir='ltr'><strong>separatim</strong></span> <span class='ocrx_word' id='word_1_161' title='bbox 527 2892 652 2968; x_wconf 89' lang='lat' dir='ltr'><strong>multis</strong></span> <span class='ocrx_word' id='word_1_162' title='bbox 666 2889 858 2967; x_wconf 90' lang='lat' dir='ltr'><strong>millibus⁷</strong></span> <span class='ocrx_word' id='word_1_163' title='bbox 880 2916 1056 2969; x_wconf 84' lang='lat' dir='ltr'><strong>versuum</strong></span> <span class='ocrx_word' id='word_1_164' title='bbox 1075 2887 1249 2995; x_wconf 91' lang='lat' dir='ltr'><strong>complu·</strong></span> 
     </span>
     <span class='ocr_line' id='line_1_22' title="bbox 128 3006 878 3117; baseline -0.001 -34"><span class='ocrx_word' id='word_1_165' title='bbox 128 3035 188 3084; x_wconf 90' lang='lat' dir='ltr'><strong>res</strong></span> <span class='ocrx_word' id='word_1_166' title='bbox 206 3012 409 3117; x_wconf 86' lang='lat' dir='ltr'><strong>scriptores</strong></span> <span class='ocrx_word' id='word_1_167' title='bbox 430 3027 517 3085; x_wconf 88' lang='lat' dir='ltr'><strong>ante</strong></span> <span class='ocrx_word' id='word_1_168' title='bbox 536 3036 606 3086; x_wconf 87' lang='lat' dir='ltr'><strong>nos</strong></span> <span class='ocrx_word' id='word_1_169' title='bbox 625 3006 878 3115; x_wconf 85' lang='lat' dir='ltr'><strong>explicarunt.</strong></span> 
     </span>
     <span class='ocr_line' id='line_1_23' title="bbox 178 3120 1248 3225; baseline -0.001 -26"><span class='ocrx_word' id='word_1_170' title='bbox 178 3128 223 3201; x_wconf 88' lang='lat' dir='ltr'><strong>V.</strong></span> <span class='ocrx_word' id='word_1_171' title='bbox 242 3127 330 3203; x_wconf 90' lang='lat' dir='ltr'><strong>Fuit</strong></span> <span class='ocrx_word' id='word_1_172' title='bbox 348 3129 456 3202; x_wconf 89' lang='lat' dir='ltr'><strong>etiam</strong></span> <span class='ocrx_word' id='word_1_173' title='bbox 476 3126 647 3217; x_wconf 89' lang='lat' dir='ltr'><strong>disertus,</strong></span> <span class='ocrx_word' id='word_1_174' title='bbox 664 3130 676 3176; x_wconf 85' lang='lat'><strong><em>⁴</em></strong></span> <span class='ocrx_word' id='word_1_175' title='bbox 698 3138 742 3202; x_wconf 85' lang='lat' dir='ltr'><strong>ut</strong></span> <span class='ocrx_word' id='word_1_176' title='bbox 768 3150 880 3200; x_wconf 91' lang='lat' dir='ltr'><strong>nemo</strong></span> <span class='ocrx_word' id='word_1_177' title='bbox 897 3120 1101 3199; x_wconf 84' lang='lat' dir='ltr'><strong>Thebanus</strong></span> <span class='ocrx_word' id='word_1_178' title='bbox 1120 3121 1248 3225; x_wconf 54' lang='lat' dir='ltr'><strong>ebpar</strong></span> 
     </span>
    </p>
   </div>
   <div class='ocr_carea' id='block_1_3' title="bbox 124 3315 1311 4405">
    <p class='ocr_par' dir='ltr' id='par_1_7' title="bbox 124 3315 1311 4405">
     <span class='ocr_line' id='line_1_24' title="bbox 161 3315 1248 3394; baseline -0.01 -14"><span class='ocrx_word' id='word_1_179' title='bbox 161 3326 205 3394; x_wconf 82' lang='lat' dir='ltr'><strong>(l)</strong></span> <span class='ocrx_word' id='word_1_180' title='bbox 227 3325 292 3383; x_wconf 87' lang='lat' dir='ltr'><strong>Pro.</strong></span> <span class='ocrx_word' id='word_1_181' title='bbox 317 3325 554 3382; x_wconf 83' lang='lat' dir='ltr'><strong>Commutationem</strong></span> <span class='ocrx_word' id='word_1_182' title='bbox 578 3330 661 3377; x_wconf 90' lang='lat' dir='ltr'><strong>notat.</strong></span> <span class='ocrx_word' id='word_1_183' title='bbox 711 3336 800 3374; x_wconf 81' lang='lat' dir='ltr'><strong>versus</strong></span> <span class='ocrx_word' id='word_1_184' title='bbox 816 3326 876 3373; x_wconf 88' lang='lat' dir='ltr'><strong>sunt</strong></span> <span class='ocrx_word' id='word_1_185' title='bbox 889 3315 983 3384; x_wconf 86' lang='lat' dir='ltr'><strong>lineae,</strong></span> <span class='ocrx_word' id='word_1_186' title='bbox 1001 3337 1114 3392; x_wconf 84' lang='lat' dir='ltr'><strong>quarum</strong></span> <span class='ocrx_word' id='word_1_187' title='bbox 1134 3333 1248 3371; x_wconf 88' lang='lat' dir='ltr'><strong>numero</strong></span> 
     </span>
     <span class='ocr_line' id='line_1_25' title="bbox 125 3399 1248 3479; baseline -0.01 -15"><span class='ocrx_word' id='word_1_188' title='bbox 125 3410 250 3465; x_wconf 84' lang='lat' dir='ltr'><strong>Graecor.</strong></span> <span class='ocrx_word' id='word_1_189' title='bbox 258 3409 325 3464; x_wconf 76' lang='lat' dir='ltr'><strong>tisri.</strong></span> <span class='ocrx_word' id='word_1_190' title='bbox 341 3409 389 3474; x_wconf 86' lang='lat' dir='ltr'><strong>Te,</strong></span> <span class='ocrx_word' id='word_1_191' title='bbox 402 3409 479 3479; x_wconf 80' lang='lat' dir='ltr'><strong>quad,</strong></span> <span class='ocrx_word' id='word_1_192' title='bbox 495 3417 543 3462; x_wconf 91' lang='lat' dir='ltr'><strong>etc.</strong></span> <span class='ocrx_word' id='word_1_193' title='bbox 555 3404 597 3461; x_wconf 81' lang='lat' dir='ltr'><strong>Al.</strong></span> <span class='ocrx_word' id='word_1_194' title='bbox 611 3406 660 3463; x_wconf 84' lang='lat' dir='ltr'><strong>Tu.</strong></span> <span class='ocrx_word' id='word_1_195' title='bbox 713 3403 802 3458; x_wconf 90' lang='lat' dir='ltr'><strong>metiri</strong></span> <span class='ocrx_word' id='word_1_196' title='bbox 815 3402 895 3457; x_wconf 82' lang='lat' dir='ltr'><strong>libros</strong></span> <span class='ocrx_word' id='word_1_197' title='bbox 907 3402 1034 3470; x_wconf 79' lang='lat' dir='ltr'><strong>solebant,</strong></span> <span class='ocrx_word' id='word_1_198' title='bbox 1044 3419 1156 3473; x_wconf 86' lang='lat' dir='ltr'><strong>eumque</strong></span> <span class='ocrx_word' id='word_1_199' title='bbox 1169 3400 1196 3455; x_wconf 89' lang='lat' dir='ltr'><strong>in</strong></span> <span class='ocrx_word' id='word_1_200' title='bbox 1209 3399 1248 3454; x_wconf 88' lang='lat' dir='ltr'><strong>ul·</strong></span> 
     </span>
     <span class='ocr_line' id='line_1_26' title="bbox 159 3482 1248 3563; baseline -0.01 -13"><span class='ocrx_word' id='word_1_201' title='bbox 159 3495 202 3563; x_wconf 80' lang='lat'><strong>(5)</strong></span> <span class='ocrx_word' id='word_1_202' title='bbox 224 3493 332 3548; x_wconf 64' lang='lat' dir='ltr'><strong>Dauara</strong></span> <span class='ocrx_word' id='word_1_203' title='bbox 353 3495 390 3548; x_wconf 83' lang='lat' dir='ltr'><strong>Vt</strong></span> <span class='ocrx_word' id='word_1_204' title='bbox 409 3497 460 3547; x_wconf 88' lang='lat' dir='ltr'><strong>iam</strong></span> <span class='ocrx_word' id='word_1_205' title='bbox 481 3492 604 3556; x_wconf 81' lang='lat' dir='ltr'><strong>vidimus,</strong></span> <span class='ocrx_word' id='word_1_206' title='bbox 629 3489 662 3544; x_wconf 85' lang='lat' dir='ltr'><strong>de</strong></span> <span class='ocrx_word' id='word_1_207' title='bbox 712 3490 780 3561; x_wconf 61' lang='grc' dir='ltr'><strong>τίσις</strong></span> <span class='ocrx_word' id='word_1_208' title='bbox 803 3506 862 3543; x_wconf 86' lang='lat' dir='ltr'><strong>cero</strong></span> <span class='ocrx_word' id='word_1_209' title='bbox 887 3486 1075 3543; x_wconf 78' lang='lat' dir='ltr'><strong>adscribebant.</strong></span> <span class='ocrx_word' id='word_1_210' title='bbox 1098 3486 1135 3539; x_wconf 83' lang='lat' dir='ltr'><strong>Ea</strong></span> <span class='ocrx_word' id='word_1_211' title='bbox 1151 3482 1248 3539; x_wconf 81' lang='lat' dir='ltr'><strong>scilicet</strong></span> 
     </span>
     <span class='ocr_line' id='line_1_27' title="bbox 125 3569 1245 3642; baseline -0.006 -12"><span class='ocrx_word' id='word_1_212' title='bbox 125 3579 248 3632; x_wconf 89' lang='lat' dir='ltr'><strong>comitatu</strong></span> <span class='ocrx_word' id='word_1_213' title='bbox 262 3596 277 3631; x_wconf 91' lang='lat' dir='ltr'><strong>e</strong></span> <span class='ocrx_word' id='word_1_214' title='bbox 291 3576 349 3630; x_wconf 87' lang='lat' dir='ltr'><strong>loco</strong></span> <span class='ocrx_word' id='word_1_215' title='bbox 362 3578 391 3630; x_wconf 91' lang='lat' dir='ltr'><strong>in</strong></span> <span class='ocrx_word' id='word_1_216' title='bbox 403 3574 625 3630; x_wconf 81' lang='lat' dir='ltr'><strong>locum.tll.duer&#39;.</strong></span> <span class='ocrx_word' id='word_1_217' title='bbox 713 3579 802 3626; x_wconf 87' lang='lat' dir='ltr'><strong>mente</strong></span> <span class='ocrx_word' id='word_1_218' title='bbox 816 3569 941 3625; x_wconf 86' lang='lat' dir='ltr'><strong>librorum</strong></span> <span class='ocrx_word' id='word_1_219' title='bbox 963 3569 1173 3642; x_wconf 74' lang='lat' dir='ltr'><strong>magnitudinem</strong></span> <span class='ocrx_word' id='word_1_220' title='bbox 1186 3586 1245 3623; x_wconf 86' lang='lat' dir='ltr'><strong>me·</strong></span> 
     </span>
     <span class='ocr_line' id='line_1_28' title="bbox 160 3652 1248 3732; baseline -0.01 -14"><span class='ocrx_word' id='word_1_221' title='bbox 160 3663 403 3732; x_wconf 57' lang='lat' dir='ltr'><strong>(stammam.</strong></span> <span class='ocrx_word' id='word_1_222' title='bbox 417 3663 457 3714; x_wconf 90' lang='lat' dir='ltr'><strong>De</strong></span> <span class='ocrx_word' id='word_1_223' title='bbox 470 3660 523 3727; x_wconf 84' lang='lat' dir='ltr'><strong>hac,</strong></span> <span class='ocrx_word' id='word_1_224' title='bbox 530 3658 661 3712; x_wconf 82' lang='lat' dir='ltr'><strong>abstineo·</strong></span> <span class='ocrx_word' id='word_1_225' title='bbox 713 3657 843 3710; x_wconf 86' lang='lat' dir='ltr'><strong>tiebautur</strong></span> <span class='ocrx_word' id='word_1_226' title='bbox 859 3667 976 3723; x_wconf 79' lang='lat' dir='ltr'><strong>veteres,</strong></span> <span class='ocrx_word' id='word_1_227' title='bbox 992 3673 1026 3709; x_wconf 86' lang='lat' dir='ltr'><strong>ne</strong></span> <span class='ocrx_word' id='word_1_228' title='bbox 1043 3654 1106 3727; x_wconf 87' lang='lat' dir='ltr'><strong>quid</strong></span> <span class='ocrx_word' id='word_1_229' title='bbox 1133 3652 1248 3707; x_wconf 85' lang='lat' dir='ltr'><strong>alienum</strong></span> 
     </span>
     <span class='ocr_line' id='line_1_29' title="bbox 125 3734 1311 3819; baseline -0.01 -21"><span class='ocrx_word' id='word_1_230' title='bbox 125 3744 160 3798; x_wconf 77' lang='lat' dir='ltr'><strong>tta</strong></span> <span class='ocrx_word' id='word_1_231' title='bbox 179 3764 224 3799; x_wconf 90' lang='lat' dir='ltr'><strong>aua</strong></span> <span class='ocrx_word' id='word_1_232' title='bbox 244 3747 299 3818; x_wconf 80' lang='lat' dir='ltr'><strong>ipse</strong></span> <span class='ocrx_word' id='word_1_233' title='bbox 320 3744 514 3819; x_wconf 80' lang='lat' dir='ltr'><strong>Epaminondas</strong></span> <span class='ocrx_word' id='word_1_234' title='bbox 529 3741 659 3816; x_wconf 82' lang='lat' dir='ltr'><strong>praeclare</strong></span> <span class='ocrx_word' id='word_1_235' title='bbox 712 3739 886 3794; x_wconf 81' lang='lat' dir='ltr'><strong>inculcaretur</strong></span> <span class='ocrx_word' id='word_1_236' title='bbox 897 3735 940 3789; x_wconf 79' lang='lat' dir='ltr'><strong>vel</strong></span> <span class='ocrx_word' id='word_1_237' title='bbox 960 3735 1022 3806; x_wconf 88' lang='lat' dir='ltr'><strong>quid</strong></span> <span class='ocrx_word' id='word_1_238' title='bbox 1036 3734 1223 3790; x_wconf 78' lang='lat' dir='ltr'><strong>detraheretur.</strong></span> <span class='ocrx_word' id='word_1_239' title='bbox 1307 3794 1311 3801; x_wconf 50' lang='grc'><strong>,</strong></span> 
     </span>
     <span class='ocr_line' id='line_1_30' title="bbox 126 3815 1248 3901; baseline -0.01 -21"><span class='ocrx_word' id='word_1_240' title='bbox 126 3827 241 3901; x_wconf 81' lang='lat' dir='ltr'><strong>disputat</strong></span> <span class='ocrx_word' id='word_1_241' title='bbox 257 3829 325 3901; x_wconf 89' lang='lat' dir='ltr'><strong>apud</strong></span> <span class='ocrx_word' id='word_1_242' title='bbox 341 3828 524 3895; x_wconf 84' lang='lat' dir='ltr'><strong>Plutarchum,</strong></span> <span class='ocrx_word' id='word_1_243' title='bbox 537 3827 569 3881; x_wconf 87' lang='lat' dir='ltr'><strong>de</strong></span> <span class='ocrx_word' id='word_1_244' title='bbox 582 3826 660 3899; x_wconf 76' lang='lat' dir='ltr'><strong>genio</strong></span> <span class='ocrx_word' id='word_1_245' title='bbox 748 3822 791 3891; x_wconf 83' lang='lat' dir='ltr'><strong>(t)</strong></span> <span class='ocrx_word' id='word_1_246' title='bbox 803 3821 864 3873; x_wconf 84' lang='lat' dir='ltr'><strong>Fuit</strong></span> <span class='ocrx_word' id='word_1_247' title='bbox 874 3824 951 3873; x_wconf 81' lang='lat' dir='ltr'><strong>etiam</strong></span> <span class='ocrx_word' id='word_1_248' title='bbox 962 3821 1076 3889; x_wconf 76' lang='lat' dir='ltr'><strong>disertae.</strong></span> <span class='ocrx_word' id='word_1_249' title='bbox 1094 3818 1168 3874; x_wconf 89' lang='lat' dir='ltr'><strong>ldem</strong></span> <span class='ocrx_word' id='word_1_250' title='bbox 1180 3815 1248 3871; x_wconf 90' lang='lat' dir='ltr'><strong>Plu·</strong></span> 
     </span>
     <span class='ocr_line' id='line_1_31' title="bbox 125 3899 1248 3982; baseline -0.009 -16"><span class='ocrx_word' id='word_1_251' title='bbox 125 3911 384 3969; x_wconf 69' lang='lat' dir='ltr'><strong>semilatratum</strong></span> <span class='ocrx_word' id='word_1_252' title='bbox 397 3929 452 3964; x_wconf 88' lang='lat' dir='ltr'><strong>eam</strong></span> <span class='ocrx_word' id='word_1_253' title='bbox 476 3910 661 3982; x_wconf 85' lang='lat' dir='ltr'><strong>Philopoemen</strong></span> <span class='ocrx_word' id='word_1_254' title='bbox 713 3906 817 3959; x_wconf 86' lang='lat' dir='ltr'><strong>tarchus</strong></span> <span class='ocrx_word' id='word_1_255' title='bbox 835 3907 863 3957; x_wconf 90' lang='lat' dir='ltr'><strong>in</strong></span> <span class='ocrx_word' id='word_1_256' title='bbox 875 3903 1020 3974; x_wconf 81' lang='lat' dir='ltr'><strong>Praeceptis</strong></span> <span class='ocrx_word' id='word_1_257' title='bbox 1042 3899 1141 3975; x_wconf 90' lang='lat' dir='ltr'><strong>politic.</strong></span> <span class='ocrx_word' id='word_1_258' title='bbox 1165 3911 1248 3957; x_wconf 80' lang='lat' dir='ltr'><strong>tetta-</strong></span> 
     </span>
     <span class='ocr_line' id='line_1_32' title="bbox 125 3986 1249 4061; baseline -0.006 -13"><span class='ocrx_word' id='word_1_259' title='bbox 125 4005 173 4061; x_wconf 90' lang='lat' dir='ltr'><strong>eat,</strong></span> <span class='ocrx_word' id='word_1_260' title='bbox 187 3998 255 4050; x_wconf 88' lang='lat' dir='ltr'><strong>aicut</strong></span> <span class='ocrx_word' id='word_1_261' title='bbox 271 3995 299 4050; x_wconf 88' lang='lat' dir='ltr'><strong>in</strong></span> <span class='ocrx_word' id='word_1_262' title='bbox 316 3995 376 4055; x_wconf 83' lang='lat' dir='ltr'><strong>aliia</strong></span> <span class='ocrx_word' id='word_1_263' title='bbox 386 3997 466 4050; x_wconf 90' lang='lat' dir='ltr'><strong>etiam</strong></span> <span class='ocrx_word' id='word_1_264' title='bbox 486 3993 557 4049; x_wconf 88' lang='lat' dir='ltr'><strong>hunc</strong></span> <span class='ocrx_word' id='word_1_265' title='bbox 574 3995 660 4047; x_wconf 81' lang='lat' dir='ltr'><strong>virum</strong></span> <span class='ocrx_word' id='word_1_266' title='bbox 713 4000 764 4043; x_wconf 79' lang='lat' dir='ltr'><strong>tur:</strong></span> <span class='ocrx_word' id='word_1_267' title='bbox 781 3986 878 4057; x_wconf 84' lang='lat' dir='ltr'><strong>nQuod</strong></span> <span class='ocrx_word' id='word_1_268' title='bbox 892 3989 914 4044; x_wconf 89' lang='lat' dir='ltr'><strong>ai</strong></span> <span class='ocrx_word' id='word_1_269' title='bbox 927 3989 1005 4052; x_wconf 79' lang='lat' dir='ltr'><strong>forte,</strong></span> <span class='ocrx_word' id='word_1_270' title='bbox 1020 4005 1123 4043; x_wconf 80' lang='lat' dir='ltr'><strong>causam</strong></span> <span class='ocrx_word' id='word_1_271' title='bbox 1134 3986 1249 4042; x_wconf 81' lang='lat' dir='ltr'><strong>dicturus</strong></span> 
     </span>
     <span class='ocr_line' id='line_1_33' title="bbox 126 4072 1248 4153; baseline -0.004 -22"><span class='ocrx_word' id='word_1_272' title='bbox 126 4077 275 4152; x_wconf 85' lang='lat' dir='ltr'><strong>eaemplum</strong></span> <span class='ocrx_word' id='word_1_273' title='bbox 291 4079 341 4134; x_wconf 89' lang='lat' dir='ltr'><strong>albi</strong></span> <span class='ocrx_word' id='word_1_274' title='bbox 356 4079 489 4153; x_wconf 78' lang='lat' dir='ltr'><strong>proposuit</strong></span> <span class='ocrx_word' id='word_1_275' title='bbox 507 4078 585 4132; x_wconf 83' lang='lat' dir='ltr'><strong>vitae.</strong></span> <span class='ocrx_word' id='word_1_276' title='bbox 601 4075 662 4128; x_wconf 79' lang='lat' dir='ltr'><strong>Puit</strong></span> <span class='ocrx_word' id='word_1_277' title='bbox 713 4074 757 4128; x_wconf 84' lang='lat' dir='ltr'><strong>vel</strong></span> <span class='ocrx_word' id='word_1_278' title='bbox 771 4073 928 4144; x_wconf 70' lang='lat' dir='ltr'><strong>legationem</strong></span> <span class='ocrx_word' id='word_1_279' title='bbox 941 4072 1066 4141; x_wconf 76' lang='lat' dir='ltr'><strong>obiturus,</strong></span> <span class='ocrx_word' id='word_1_280' title='bbox 1078 4081 1108 4126; x_wconf 90' lang='lat' dir='ltr'><strong>tu</strong></span> <span class='ocrx_word' id='word_1_281' title='bbox 1121 4072 1248 4146; x_wconf 78' lang='lat' dir='ltr'><strong>teipsum</strong></span> 
     </span>
     <span class='ocr_line' id='line_1_34' title="bbox 125 4156 1248 4231; baseline -0.003 -16"><span class='ocrx_word' id='word_1_282' title='bbox 125 4162 189 4219; x_wconf 84' lang='lat' dir='ltr'><strong>ciet</strong></span> <span class='ocrx_word' id='word_1_283' title='bbox 208 4163 312 4221; x_wconf 81' lang='lat' dir='ltr'><strong>lormna</strong></span> <span class='ocrx_word' id='word_1_284' title='bbox 327 4172 354 4218; x_wconf 89' lang='lat' dir='ltr'><strong>et</strong></span> <span class='ocrx_word' id='word_1_285' title='bbox 370 4171 454 4218; x_wconf 88' lang='lat' dir='ltr'><strong>morte</strong></span> <span class='ocrx_word' id='word_1_286' title='bbox 471 4161 575 4216; x_wconf 82' lang='lat' dir='ltr'><strong>similia.</strong></span> <span class='ocrx_word' id='word_1_287' title='bbox 591 4159 662 4216; x_wconf 83' lang='lat' dir='ltr'><strong>Vide</strong></span> <span class='ocrx_word' id='word_1_288' title='bbox 713 4156 899 4212; x_wconf 87' lang='lat' dir='ltr'><strong>addicendum</strong></span> <span class='ocrx_word' id='word_1_289' title='bbox 921 4156 1052 4229; x_wconf 69' lang='lat' dir='ltr'><strong>intelligat</strong></span> <span class='ocrx_word' id='word_1_290' title='bbox 1073 4176 1165 4231; x_wconf 83' lang='lat' dir='ltr'><strong>pamm</strong></span> <span class='ocrx_word' id='word_1_291' title='bbox 1186 4156 1248 4212; x_wconf 82' lang='lat' dir='ltr'><strong>tto·</strong></span> 
     </span>
     <span class='ocr_line' id='line_1_35' title="bbox 124 4240 1251 4321; baseline -0.003 -22"><span class='ocrx_word' id='word_1_292' title='bbox 124 4240 300 4315; x_wconf 81' lang='lat' dir='ltr'><strong>Plutarchum,</strong></span> <span class='ocrx_word' id='word_1_293' title='bbox 315 4248 513 4321; x_wconf 78' lang='lat' dir='ltr'><strong>Philopoemen.</strong></span> <span class='ocrx_word' id='word_1_294' title='bbox 533 4247 661 4302; x_wconf 75' lang='lat' dir='ltr'><strong>Becaren.</strong></span> <span class='ocrx_word' id='word_1_295' title='bbox 713 4261 804 4307; x_wconf 82' lang='lat' dir='ltr'><strong>neum,</strong></span> <span class='ocrx_word' id='word_1_296' title='bbox 815 4243 904 4297; x_wconf 84' lang='lat' dir='ltr'><strong>virum</strong></span> <span class='ocrx_word' id='word_1_297' title='bbox 918 4242 1021 4299; x_wconf 84' lang='lat' dir='ltr'><strong>dicendi</strong></span> <span class='ocrx_word' id='word_1_298' title='bbox 1035 4246 1148 4317; x_wconf 68' lang='lat' dir='ltr'><strong>pritum</strong></span> <span class='ocrx_word' id='word_1_299' title='bbox 1161 4242 1251 4297; x_wconf 79' lang='lat' dir='ltr'><strong>&#39;aeliu-</strong></span> 
     </span>
     <span class='ocr_line' id='line_1_36' title="bbox 161 4320 1247 4405; baseline -0.006 -20"><span class='ocrx_word' id='word_1_300' title='bbox 161 4330 205 4405; x_wconf 85' lang='grc'><strong>(7)</strong></span> <span class='ocrx_word' id='word_1_301' title='bbox 228 4333 321 4386; x_wconf 72' lang='lat' dir='ltr'><strong>Mucia</strong></span> <span class='ocrx_word' id='word_1_302' title='bbox 344 4332 454 4388; x_wconf 70' lang='lat' dir='ltr'><strong>mutem</strong></span> <span class='ocrx_word' id='word_1_303' title='bbox 478 4348 601 4391; x_wconf 67' lang='lat' dir='ltr'><strong>uanam.</strong></span> <span class='ocrx_word' id='word_1_304' title='bbox 626 4327 662 4386; x_wconf 81' lang='lat' dir='ltr'><strong>ili</strong></span> <span class='ocrx_word' id='word_1_305' title='bbox 712 4333 799 4382; x_wconf 69' lang='lat' dir='ltr'><strong>mrem</strong></span> <span class='ocrx_word' id='word_1_306' title='bbox 816 4321 878 4394; x_wconf 82' lang='lat' dir='ltr'><strong>titt,</strong></span> <span class='ocrx_word' id='word_1_307' title='bbox 892 4321 1043 4397; x_wconf 69' lang='lat' dir='ltr'><strong>miraque</strong></span> <span class='ocrx_word' id='word_1_308' title='bbox 1064 4323 1183 4382; x_wconf 83' lang='lat' dir='ltr'><strong>maneria</strong></span> <span class='ocrx_word' id='word_1_309' title='bbox 1198 4320 1247 4379; x_wconf 80' lang='lat' dir='ltr'><strong>ad·</strong></span> 
     </span>
    </p>
   </div>
   <div class='ocr_carea' id='block_1_4' title="bbox 224 4406 1147 4541">
    <p class='ocr_par' dir='ltr' id='par_1_8' title="bbox 224 4406 1147 4541">
     <span class='ocr_line' id='line_1_37' title="bbox 224 4406 1147 4541; baseline -0.01 -41"><span class='ocrx_word' id='word_1_310' title='bbox 224 4416 319 4513; x_wconf 67' lang='lat' dir='ltr'><strong>Coa.</strong></span> <span class='ocrx_word' id='word_1_311' title='bbox 343 4417 437 4541; x_wconf 65' lang='lat' dir='ltr'><strong>ilar:</strong></span> <span class='ocrx_word' id='word_1_312' title='bbox 667 4443 669 4447; x_wconf 90' lang='lat'>·</span> <span class='ocrx_word' id='word_1_313' title='bbox 1109 4406 1147 4491; x_wconf 89' lang='grc' dir='ltr'><strong>Ο</strong></span> 
     </span>
    </p>
   </div>
   <div class='ocr_carea' id='block_1_5' title="bbox 0 0 1680 5572">
    <p class='ocr_par' dir='ltr' id='par_1_9' title="bbox 0 0 1680 5572">
     <span class='ocr_line' id='line_1_38' title="bbox 0 0 1680 5572; baseline 0 1"><span class='ocrx_word' id='word_1_314' title='bbox 0 0 1680 5572; x_wconf 95' lang='lat' dir='ltr'><strong> </strong></span> 
     </span>
    </p>
   </div>
  </div>
 </body>
</html>
