3352 5572
436 425 467 517 8
791 448 974 520 raursrtu
1011 452 1210 516 unrrours

433 657 493 738 vel
518 655 735 736 subobscuri
752 672 789 738 et
802 656 968 765 perplexi
981 654 1208 752 videbantur,
1223 653 1281 732 vel
1298 652 1408 731 nimia
1424 663 1560 735 emen-¹

433 777 624 854 dationum
650 777 798 853 audacia
823 774 966 871 vexati,
1010 800 1031 847 a
1056 771 1238 849 veteribus
1267 774 1400 881 uostris
1425 774 1558 852 biblio·

434 895 559 970 thecae
601 893 812 972 Parisiensis
850 889 1037 968 codicibus
1079 890 1320 994 (praesertim
1362 917 1399 966 n.
1446 893 1584 996 5857,

435 1011 536 1110 ortt
550 1017 584 1110 l,
629 1012 686 1088 vel
724 1010 770 1084 ab
797 1009 944 1113 optimis
970 1008 1189 1082 Batavorum
1215 1007 1559 1112 Germanorumque

434 1128 576 1232 scriptis
601 1140 666 1204 aut
691 1126 796 1204 editis
835 1126 959 1222 libris,
1001 1124 1176 1202 auxilium
1213 1122 1396 1203 dilucem
1421 1139 1557 1205 attenta

432 1244 700 1347 comparatione
724 1243 881 1323 mutuati
907 1268 1045 1320 sumus.

484 1493 610 1570 Varias
638 1520 725 1570 vero
764 1494 959 1595 lectiones,
999 1493 1135 1599 quippe
1175 1517 1268 1596 quae
1298 1493 1394 1569 solae
1421 1492 1555 1570 iustum

414 1611 602 1717 ¹volumen
630 1612 781 1716 implere
814 1625 982 1715 possent,
1008 1612 1192 1686 universas
1213 1609 1327 1686 cdere
1352 1638 1469 1714 quum
1494 1640 1557 1716 pe·

433 1756 498 1806 nes
523 1757 591 1804 nos
618 1755 694 1805 non
719 1742 832 1826 esset,
878 1729 982 1804 certis
1009 1725 1143 1802 finibus
1170 1727 1472 1830 circumscriptos,
1498 1757 1556 1805 eus

434 1857 577 1921 tantum
602 1844 801 1945 delegimus
828 1843 1120 1921 annotationibus
1137 1842 1441 1942 intermiscendas,
1468 1872 1556 1948 quas

435 1963 632 2044 sententiae
657 1962 722 2059 vis,
747 1963 986 2065 antiquitasve
1011 1959 1094 2035 libri
1120 1959 1408 2057 commendabat,
1432 1989 1552 2065 neque

434 2079 525 2158 adeo
551 2071 779 2176 scribarum,
821 2083 896 2156 sive
936 2104 1128 2184 operarum
1154 2075 1338 2154 erroribus
1362 2077 1446 2155 hinc
1472 2077 1556 2156 inde

438 2193 645 2296 colligendis
670 2193 931 2272 insudavimus.

484 2428 655 2507 Deiectus
701 2454 849 2533 quoque
884 2427 1073 2507 habendus
1115 2428 1186 2505 init
1219 2429 1258 2504 iu
1288 2429 1557 2506 commentario.

435 2544 544 2621 Multi
569 2547 667 2622 enim
706 2545 917 2649 explicanda
951 2560 1206 2652 praetereunt,
1248 2547 1287 2620 in
1325 2547 1558 2651 supervacuis

435 2661 687 2739 immorantur.
740 2662 840 2738 Dum
874 2661 1048 2740 elementa
1082 2677 1119 2739 et
1150 2660 1304 2766 syllabas
1329 2664 1559 2760 examinant,

437 2803 553 2853 annus
579 2792 645 2855 est.
670 2782 759 2876 Nos,
782 2779 997 2882 perspicuae
1020 2777 1205 2855 brevitatis
1225 2779 1389 2876 studiosi,
1415 2778 1559 2881 optimis

436 2892 630 2969 Variorum
656 2897 752 2970 notis
778 2908 815 2970 et
841 2894 991 2992 criticis,
1018 2908 1080 2989 et,
1106 2922 1198 2995 quae
1223 2895 1328 2973 valde
1353 2900 1561 3000 praestant,

436 3004 629 3105 historicis,
654 3036 765 3088 novas
783 3011 906 3113 plures
926 3008 1144 3118 addidimus.
1163 3014 1284 3113 Atque
1302 3013 1361 3085 hic
1377 3012 1561 3114 piaculum

438 3137 532 3199 essct
557 3151 631 3199 non
658 3122 772 3222 fateri,
799 3139 935 3229 quanto
961 3125 1064 3201 nobis
1092 3125 1301 3202 adiumento
1325 3124 1459 3199 suerint
1486 3126 1562 3200 edi-

436 3250 535 3314 tores
562 3238 715 3344 Nepotis
741 3242 971 3340 recentiores,
997 3241 1027 3318 I.
1055 3241 1157 3323 Frid.
1184 3239 1343 3330 Fischer,
1370 3239 1441 3314 Th.
1472 3239 1559 3315 Chr.

438 3354 599 3455 Harless,
625 3355 687 3433 Fr.
715 3357 935 3454 Schmieder,
959 3355 1004 3444 F.
1030 3358 1075 3432 R.
1094 3354 1265 3452 Riclless,
1285 3353 1373 3429 Chr.
1399 3355 1447 3432 H.
1466 3353 1563 3432 Pau·

438 3472 516 3573 fler,
542 3487 653 3580 atque
679 3474 716 3548 in
742 3475 868 3578 primis
895 3476 951 3550 vir
976 3475 1128 3552 diffusae
1155 3473 1340 3549 doctrinae
1359 3472 1499 3575 plenus,
1525 3486 1563 3551 et

437 3616 565 3665 rerum
607 3593 920 3691 grammaticarum
965 3591 1274 3688 studiosissimus,
1320 3588 1401 3665 Car.
1446 3589 1560 3667 Henr.

440 3703 654 3784 Tzsohucke
667 3766 678 3806 ,
712 3709 773 3785 cui
809 3722 985 3810 quantum
1012 3707 1207 3785 debeamus
1232 3707 1310 3811 ipse
1334 3706 1427 3782 liber
1451 3705 1563 3783 fidem

439 3820 555 3898 saciet.
582 3823 719 3903 Paucas
745 3825 854 3904 etiam
873 3822 973 3902 Guil.
1001 3824 1115 3902 Henr.
1142 3824 1279 3899 Bardili
1304 3829 1418 3922 notas,
1444 3851 1563 3928 quum

440 3936 649 4015 Staveriana
674 3940 785 4019 editio
812 3970 832 4017 a
859 3941 905 4018 V.
931 3940 973 4017 C.
1001 3941 1210 4046 recognita,
1253 3969 1362 4044 opere
1391 3941 1462 4015 hoc
1487 3939 1563 4020 fere

440 4050 631 4154 absoluto,
654 4055 892 4158 ‘Stutgardiae
916 4057 1133 4163 prodiisset,
1176 4059 1270 4134 inter
1303 4056 1489 4133 Excursus
1515 4055 1562 4131 ad

441 4170 633 4248 voluminis
659 4169 770 4249 finem
795 4176 995 4254 reiecimus.
1041 4173 1155 4272 Quin,
1188 4174 1326 4278 priscae
1351 4171 1561 4248 eruditionis

441 4303 658 4401 apparatum¹
679 4319 753 4373 non
779 4292 941 4374 sufficere
965 4294 1022 4375 his
1049 4292 1272 4402 temporibus
1295 4289 1467 4391 arbitrati,
1486 4314 1560 4371 nou
