3352 5572
438 432 538 541 244
907 443 1101 511 evaeum

1240 520 1256 559 fi

438 651 527 733 dem
544 660 583 755 et
599 644 823 729 industriam
842 674 1018 756 magnam
1028 646 1201 727 ridebat:
1221 670 1302 726 non
1320 645 1518 742 dubitans,
1530 647 1564 726 si

438 793 528 847 eum
553 765 792 872 pellexisset,
818 794 955 872 magno
975 769 1060 846 usui
1078 765 1161 844 sore
1179 765 1252 844 sibi
1269 769 1312 843 in
1336 768 1395 844 his
1424 765 1564 861 rebus,

440 907 535 988 quas
552 883 770 992 apparabat.
784 885 980 992 (iogitabat
998 889 1113 980 enim,
1138 883 1244 988 quod
1268 882 1350 962 sere
1369 911 1499 963 omnes
1521 886 1565 960 in

439 1001 586 1105 magnis
605 1004 772 1110 imperiis
789 1007 1079 1112 concupiscunt,
1100 1005 1268 1082 omnium
1296 1007 1448 1106 partes³
1467 1027 1559 1079 cor·

439 1117 569 1222 ripere
582 1133 698 1224 atque
717 1119 931 1226 complecti.
959 1118 1095 1226 Neque
1112 1145 1204 1197 vero
1222 1119 1295 1195 hoc
1314 1117 1377 1194 ille
1397 1116 1499 1196 solas
1511 1118 1563 1193 se·
1629 1180 1636 1190 .

442 1234 496 1314 cit
508 1262 520 1328 ς
533 1234 602 1312 sed
620 1240 737 1315 ceteri
750 1266 907 1344 quoquc
925 1265 1069 1330 omnes,
1090 1240 1158 1342 qui
1175 1234 1380 1314 Alexandri
1411 1235 1565 1314 fuerant

443 1351 568 1427 amici.
579 1353 724 1431 Primus
734 1355 953 1433 Leonnatus
973 1359 988 1408 ⁴
1005 1354 1268 1432 Macedoniam
1282 1380 1565 1460 praeoccupare

443 1465 710 1548 destinaverat.
731 1470 769 1548 Is
782 1471 1065 1581 multismagnis
1082 1476 1098 1525 ⁵
1115 1470 1451 1580 pollicitationibus
1476 1498 1564 1577 per·

443 1585 600 1662 suadere
618 1589 779 1664 Eumeni
805 1591 961 1682 studuit,
989 1608 1033 1666 ut
1058 1589 1274 1668 Perdiccam
1293 1590 1498 1682 desereret,
1519 1614 1565 1665 ac

445 1728 576 1781 secum
595 1702 738 1782 faceret
755 1709 985 1786 societatem.
1003 1712 1129 1804 Quum
1149 1707 1360 1814 perducere
1379 1735 1464 1784 eum
1484 1733 1566 1782 non

444 1834 589 1922 posset,
613 1821 827 1901 interficere
853 1843 1014 1901 conatus
1032 1842 1087 1901 est
1096 1854 1107 1916 ;
1138 1841 1176 1900 et
1200 1824 1369 1917 fecisset,
1401 1825 1472 1900 nisi
1498 1821 1564 1898 ille

445 1932 549 2012 clam
570 1954 688 2014 noctu
708 1956 747 2015 et
765 1941 960 2046 praesidiis
980 1944 1061 2018 eius
1081 1942 1284 2044 effugisset.

498 2053 564 2130 ΠΙ.
582 2055 739 2132 Interim
751 2052 1009 2136 conflatasunt
1026 2058 1092 2136 illa
1105 2057 1240 2156 bella,¹
1261 2085 1363 2164 quae
1379 2056 1429 2132 ad
1446 2058 1562 2131 inter·

446 2171 648 2248 necionem
666 2191 754 2280 post
766 2174 968 2253 Alexandri
986 2194 1142 2254 mortem
1162 2194 1267 2280 gesta
1292 2192 1395 2261 sunt,
1410 2200 1560 2251 omnes·

450 2311 527 2388 que
546 2310 827 2368 concurrerunt
843 2293 892 2370 ad
900 2292 1116 2371 Perdiccam
1129 2292 1432 2399 opprimendum.
1445 2294 1566 2388 Quem

450 2407 519 2481 etsi
538 2406 729 2486 infirmum
756 2410 919 2503 videbat,
947 2410 1051 2512 quod
1077 2437 1177 2487 nnus
1204 2409 1379 2488 omnibus
1395 2412 1568 2484 resistere

451 2523 679 2626 cogebatur3
701 2544 827 2602 tamen
846 2531 1007 2603 amicum
1024 2555 1104 2605 non
1130 2527 1308 2619 deseruit,
1327 2554 1453 2634 neque
1472 2524 1569 2603 salu·

451 2639 512 2728 tis,
539 2668 651 2743 quam
670 2643 771 2733 fidei,
790 2644 863 2720 fuit
883 2645 1072 2752 cupidior.
1101 2645 1341 2724 Praefecerat
1366 2672 1452 2722 eum
1470 2646 1564 2718 Per·

453 2750 577 2831 diceas
596 2760 632 2832 ei
658 2764 757 2862 parti
775 2761 917 2838 Asiae²
944 2790 1042 2864 quae
1079 2766 1181 2842 inter
1211 2765 1380 2840 Taumm
1404 2777 1572 2840 montem

487 3035 533 3108 (³)
549 3037 669 3093 omnim
680 3054 765 3113 partes
776 3049 902 3117 corripere
910 3087 922 3114 ,
939 3057 989 3103 etc.
1041 3049 1152 3107 Addidit
1165 3068 1223 3104 eam
1236 3060 1324 3105 tamen
1336 3070 1368 3105 ex
1384 3049 1484 3106 duobus
1496 3047 1574 3104 codd.

453 3119 582 3177 Omnium
595 3123 691 3178 ducum
705 3138 731 3182 et
744 3129 911 3186 familiarium
926 3133 988 3187 Ale·
1039 3134 1189 3190 Wetselius.
1207 3140 1269 3190 Tss.

454 3203 546 3260 xsnds'i
558 3205 703 3279 provincias
717 3213 850 3269 invadere.
1072 3221 1115 3287 (t)
1131 3217 1250 3290 Conflata
1263 3233 1318 3274 aust
1333 3220 1381 3273 illa
1397 3219 1470 3274 belin
1480 3219 1519 3272 De
1532 3216 1573 3272 hta
1635 3270 1638 3279 .

453 3339 854 3483 Amara
1038 3375 1574 3456 .

455 3511 587 3567 mineum
599 3432 988 3590 admixl’lfflzmffizffiss
1039 3479 1121 3569 ΡΨ
1144 3470 1294 3569 ’eld‘ffltth
1316 3472 1374 3544 lege
1396 3474 1515 3568 Curtium
1532 3471 1574 3537 Χῖ

453 3593 546 3651 meret.
558 3596 633 3654 Adde
647 3599 737 3655 lustin.
750 3604 810 3658 Xlil
834 3557 865 3656 42³
881 3605 988 3658 tLeon.
1039 3556 1131 3609 lustru.
1149 3554 1340 3622 x1113n10t0r.
1357 3564 1385 3607 et
1406 3554 1573 3608 altos-Ad

812 3642 821 3669 ἲ

452 3687 516 3733 „210
527 3681 613 3737 mim„
625 3681 738 3756 Phrygia
749 3686 837 3740 evenit
850 3705 913 3740 m-
926 3686 988 3742 Ma·
1037 3642 1244 3779 iumgrnrrsecionem.
1267 3639 1305 3693 lta
1321 3637 1431 3711 gallites
1451 3655 1540 3710 guerre
1556 3639 1572 3690 ir

453 3762 805 3904 “dswplmw
825 3768 918 3842 ὅρκιε
945 3771 985 3824 ‘⁸'
1071 3809 1115 3877 (2)
1132 3807 1249 3879 Eiparti
1260 3804 1570 3871 Asiae.1dat,trme-

452 3863 500 3943 ¹i¹¹
519 3866 529 3903 ¹
546 3852 635 3949 ⁸⁰¹¹?
656 3853 811 3953 mimi*
833 3871 941 3925 'mn’
958 3863 988 3910 ω
1038 3891 1119 3957 nise,
1140 3890 1245 3946 Ciliciae
1262 3900 1288 3946 et
1303 3888 1493 3962 Cappadociae,
1517 3907 1571 3942 non

451 3945 508 3987 ‘¹¹¹'
520 3950 706 4005 mm
717 3935 767 3993 ⁸¹⁵¹
782 3955 839 4043 ¹⁹3⁶
854 3948 986 3996 ’ΜΒ
1037 3985 1136 4032 arm·
1147 3975 1231 4047 pem.
1248 3975 1381 4041 etimne,
1392 3974 1427 4029 os
1440 3973 1571 4030 armum

486 4046 532 4115 (⁵)
546 4048 642 4104 Multi·
653 4054 763 4124 mugitis.
772 4053 875 4110 Omissa
884 4055 987 4127 copule,
1037 4058 1172 4114 discordiis
1185 4067 1290 4115 statum.
1304 4087 1339 4101 ·-
1352 4059 1432 4115 Isou.
1449 4062 1489 4113 De
1503 4057 1572 4112 loco·

451 4141 518 4197 qius
529 4128 629 4185 datibus
646 4133 786 4209 adiectlris,
804 4141 851 4194 uni
869 4139 985 4195 sabotam
1036 4137 1097 4195 rum
1107 4141 1168 4198 situ.
1181 4145 1243 4198 Τις.
1255 4173 1289 4188 -
1301 4143 1441 4216 Europaeis
1452 4143 1571 4198 viverra·

451 4210 508 4266 tivo
519 4217 674 4285 missis,
685 4221 818 4296 interpam
835 4223 896 4280 atta
911 4223 985 4281 solet.
1035 4227 1089 4280 riis.
1106 4227 1243 4301 Antipatro
1254 4247 1290 4284 sc.
1298 4268 1310 4295 ,
1323 4229 1445 4295 Cratero,
1464 4227 1571 4284 Pithoni

450 4293 759 4372 transnaverit
777 4308 836 4368 sias
851 4310 985 4386 arepto.
1034 4311 1200 4390 attenso,
1215 4313 1357 4376 Alsssndsi
1374 4334 1409 4376 sx
1423 4312 1475 4375 sl'u
1487 4321 1571 4372 mane
