3352 5572
742 463 919 554 urricus
1289 433 1381 558 317

272 689 606 767 usuramunquam
622 661 724 737 abiis
735 664 936 768 acceperit,
953 664 1076 763 neque
1096 662 1259 766 longius,
1274 692 1387 767 quam

273 783 426 861 dictum
447 788 557 869 esset,
572 805 635 855 eos
661 776 801 853 dehere
819 806 948 882 passus
965 782 1024 855 sit.
1050 779 1165 874 Quod
1182 797 1388 886 utrumque

275 916 357 976 erat
374 900 417 972 iis
435 895 614 972 salutare.
635 896 730 970 Nam
755 922 881 998 neque
907 895 1143 1000 indulgendo
1161 914 1177 965 9
1196 902 1387 973 invetera-

275 1039 378 1091 scere
396 1036 526 1087 eorum
541 1036 607 1084 aes
626 1010 786 1086 alienum
799 1011 1029 1115 patiebatur,
1058 1037 1182 1114 neque
1200 1011 1386 1115 multipli-

275 1127 403 1205 candis
422 1128 547 1204 usuris
565 1152 747 1202 crescere.
763 1129 880 1203 Auxit
892 1127 965 1202 hoo
977 1127 1222 1204 officiumalia
1237 1153 1391 1232 quoque
1441 1216 1450 1225 ,

274 1244 508 1320 liberalitate.
526 1243 619 1317 Nam
640 1245 834 1319 universos
860 1244 1053 1320 frumento
1080 1243 1276 1332 donavit,
1267 1261 1319 1319 ita
1346 1254 1391 1321 ut

274 1357 431 1463 singulis
448 1366 593 1463 reptem
613 1361 644 1408 ⁴⁰
671 1357 788 1432 modii
805 1360 919 1435 tritici
946 1360 1152 1437 darenturz
1143 1387 1240 1462 ·qu1
1229 1358 1394 1438 modus

273 1501 473 1553 mensurae
491 1473 703 1548 medimnus
719 1475 877 1549 Athenis
896 1476 1126 1578 appellatur.

323 1591 386 1666 ΙΙΙ.
413 1593 484 1665 Hie
509 1605 637 1665 autem
657 1591 766 1666 sicse
785 1590 961 1692 gerebat,
978 1609 1022 1664 ut
1048 1596 1285 1668 communis·⁴
1308 1592 1391 1668 inli-
1455 1592 1458 1603 '

272 1711 362 1800 mis,
392 1735 463 1814 par
490 1705 724 1810 principibus
755 1704 959 1780 rideretur.
985 1707 1068 1800 Quo
1087 1707 1227 1784 facturn
1255 1726 1394 1801 est-ut

272 1825 365 1902 huie
384 1849 515 1900 omnes
540 1823 720 1911 honores,
733 1845 831 1921 quoe
848 1838 1012 1923 possent,
1026 1821 1181 1925 publice
1198 1822 1394 1916 haberent,
1418 1879 1427 1894 ι

274 1945 471 2042 civemque
496 1935 623 2011 facere
644 1933 861 2010 studerent.
882 1937 897 1987 ²
915 1939 1000 2031 Quo
1030 1934 1216 2016 beneficio
1242 1939 1308 2014 ille
1333 1943 1393 2015 uti

274 2056 412 2142 noluit,
430 2059 445 2104 ³
465 2050 570 2152 quod
597 2048 770 2125 nonnulli
787 2054 840 2126 ita
857 2056 1181 2156 interpretantur,
1204 2058 1322 2129 amitti
1340 2057 1392 2129 ci·

275 2173 425 2248 vitatem
443 2170 663 2259 Romanam,
698 2167 770 2242 alia
798 2168 949 2247 adscita.
986 2171 1173 2265 Quamdiu
1199 2172 1317 2260 alluit,
1343 2197 1393 2247 ne

277 2312 354 2386 qua
372 2284 444 2359 'sibi
462 2299 585 2358 statua
602 2301 826 2388 poneretur,
840 2287 995 2361 restitit:
1014 2291 1031 2337 ⁴
1049 2284 1183 2361 absens
1192 2286 1393 2389 prohibere

274 2427 357 2479 non
373 2402 514 2508 potuit.
536 2401 667 2502 ltaque
684 2398 833 2504 aliquot
851 2405 923 2507 ipsi
949 2419 989 2479 et
997 2400 1129 2477 ‘Piliae
1147 2405 1163 2453 ⁵
1180 2400 1274 2482 locis
1299 2429 1388 2480 san·

311 2629 354 2696 (9)
369 2627 538 2701 ludrdgeudo.
547 2626 637 2681 uetiti
654 2624 811 2682 solutionem
858 2627 904 2700 qui
918 2629 951 2683 de
965 2626 1095 2697 republioa
1111 2626 1241 2697 praeclare
1254 2628 1342 2682 meriti
1354 2645 1396 2682 ea·

275 2731 330 2767 non
343 2714 503 2784 urgendo·
511 2713 601 2786 Neque
613 2714 812 2784 multiplicemdie
859 2723 926 2777 tent,
940 2711 1076 2768 exhibitus.
1089 2712 1156 2767 Vide
1173 2712 1319 2768 Memmium
1330 2714 1395 2766 For·

274 2799 353 2849 muris
374 2815 492 2870 creseeree
509 2797 538 2852 si
561 2799 633 2868 ipre,
651 2817 682 2849 ex
698 2796 811 2850 aliorum
859 2806 914 2851 tun.
930 2798 1012 2850 Attio.
1024 2806 1101 2868 caput
1113 2798 1147 2850 V.
1160 2798 1260 2850 Botere

276 2879 434 2934 creditorum
452 2900 537 2948 more,
553 2881 616 2935 talei
634 2899 736 2952 quoque
753 2899 812 2934 usu·
892 2880 935 2948 (3)
954 2879 1013 2950 Quo
1036 2880 1158 2950 beneficio
1178 2882 1222 2933 ille
1243 2883 1280 2932 uti
1304 2879 1394 2931 noluit.

276 2981 318 3017 rat
331 2965 454 3034 petiiaeet:
467 2963 538 3035 quod
552 2964 608 3034 ipre
621 2965 705 3017 lacere
717 2961 810 3018 noluit.
858 2962 950 3018 Civem
972 2975 1059 3017 tamen
1073 2965 1190 3017 Atticum
1203 2964 1296 3016 Cicero
1309 2973 1395 3028 vocat,

276 3049 416 3120 logeniom
433 3051 512 3120 igitur
524 3047 696 3103 Gotucuatch.
720 3049 807 3102 conie-
858 3049 1008 3118 respiciens,
1025 3048 1111 3115 eredo,
1126 3048 1159 3102 ad
1172 3067 1328 3120 cognomen,
1340 3040 1395 3101 non

276 3141 359 3195 etura,
374 3134 494 3202 iniquam3
509 3150 593 3201 neque
612 3134 757 3186 neoemaria
769 3141 809 3185 ta·
860 3130 893 3184 ad
912 3134 953 3186 ius
976 3133 1087 3186 civitatis
1110 3132 1156 3186 lih.
1178 3136 1207 3196 l,
1241 3134 1322 3202 Epist.
1350 3139 1393 3195 46,

277 3231 339 3266 men
351 3213 462 3269 videtur.
859 3225 886 3265 et
900 3212 987 3279 lih.ll,
1001 3215 1083 3284 Epist.
1098 3224 1122 3266 tr
1143 3232 1154 3264 ιι
1164 3217 1195 3265 ln
1212 3213 1248 3263 eia
1264 3211 1393 3264 orationi·

312 3302 371 3369 (to)
386 3299 493 3371 Septem.
510 3299 549 3352 lta
571 3317 662 3352 omnen
684 3297 747 3352 libri
762 3316 811 3354 ter.
858 3295 923 3363 hue,
943 3316 1008 3369 quae
1025 3296 1184 3367 Philippicae
1209 3297 1396 3359 nominentur,

207 3422 215 3431 .
276 3381 322 3447 Ar,
336 3382 395 3452 quia
406 3381 636 3447 Vetereetradunt,
648 3379 810 3434 medimnum
859 3386 985 3434 enituerat
1007 3382 1071 3433 civia
1088 3380 1133 3431 ille
1156 3389 1215 3430 tuoe
1236 3375 1396 3430 Demosthe·

274 3483 320 3519 aex
337 3466 441 3521 modion
459 3484 590 3538 aequatae,
603 3466 736 3530 Lambin,
750 3484 806 3518 tue·
861 3483 914 3517 nee.
921 3484 932 3515 ι
950 3465 1059 3516 Sonorr.
1076 3466 1235 3514 Recusarunt
1248 3461 1394 3513 hochene-

277 3550 355 3605 dente
373 3554 468 3606 Faern.
469 3551 588 3622 ,aliique
604 3560 743 3622 potuerunt
758 3570 811 3603 rex.
855 3547 952 3602 licium
966 3559 992 3601 et
1008 3552 1079 3599 Zeno
1096 3556 1123 3599 et
1137 3542 1280 3608 Cleanthes,
1293 3561 1326 3596 ne
1343 3560 1393 3612 pa-

343 3635 551 3689 -Mecttmuu
568 3632 622 3687 cte.
642 3633 811 3696 medimnum,
862 3636 925 3687 triae
942 3650 1001 3684 suae
1021 3632 1143 3684 iniuriam
1164 3628 1247 3680 lacere
1269 3625 1392 3679 videren-

276 3636 483 3783 innituerit,
496 3728 538 3786 475
555 3717 659 3790 gallice,
674 3737 720 3771 mre
738 3723 814 3771 nune.
860 3725 913 3770 tur.
920 3713 1184 3779 AuctorPlutarehut,
1201 3710 1233 3762 de
1250 3710 1397 3763 Stoicorum

312 3805 355 3871 (t)
343 3802 507 3871 )Commuuie
520 3803 626 3874 irfimir,
634 3801 727 3866 κοινὸς,
738 3803 815 3856 inret-
861 3796 1050 3870 repugnantiis.
1055 3796 1153 3848 Βοιιιι
1155 3791 1269 3859 -Quod
1275 3791 1398 3855 ιιοιιιιιιὶἱι

279 3885 481 3950 annitamur
499 3888 549 3956 Ep
568 3886 632 3938 sam.
647 3885 691 3944 tv,
706 3892 731 3937 9.
744 3887 813 3937 Fru
862 3890 910 3932 etc.
929 3881 997 3931 Haeo
1015 3874 1112 3940 verba,
1133 3892 1215 3945 usque
1235 3871 1267 3925 nd
1285 3874 1396 3941 adtrita,

279 3978 342 4028 atra,
358 3966 425 4038 apud
436 3970 544 4023 sueton
558 3966 648 4021 Claud
666 3969 738 4032 xxi,
756 3969 814 4019 te·
861 3960 982 4015 nonnulli
997 3956 1123 4012 retentori
1136 3974 1216 4010 manu
1233 3955 1322 4009 adsuta
1338 3955 1398 4007 exi-

280 4050 388 4118 epeeian.
405 4051 488 4114 xxn,
510 4055 588 4105 eomir
609 4069 658 4122 pro
679 4052 815 4103 communie
861 4045 973 4098 stimant

280 4133 419 4188 emendare
433 4135 533 4190 volunt.
896 4131 937 4196 (4)
950 4126 1057 4178 Restitit.
1073 4124 1124 4178 Μι.
1135 4123 1194 4180 cod.
1205 4122 1297 4177 Medic
1309 4121 1398 4175 durius

315 4218 357 4281 (2)
372 4217 503 4289 &temque
513 4220 606 4292 fircera
618 4221 751 4274 studerent.
763 4216 817 4284 Qui
863 4217 952 4281 retpuit
964 4209 1047 4263 habet.

278 4296 419 4368 singularia
435 4302 519 4358 honoa
536 4304 603 4368 suit,
625 4314 654 4357 et
669 4301 789 4357 mlun'
770 4320 814 4367 m,
896 4298 940 4365 (5)
956 4294 1050 4353 Piliae.
1064 4290 1196 4364 Quaedam
1213 4291 1273 4349 edd.
1287 4289 1398 4348 Plttdtar
