3352 5572
148 648 1263 694 W

424 895 987 1055 PRAEFATIO

291 1227 663 1356 raursrru
717 1256 1129 1357 neironis

585 1571 810 1607 ‘'Q-—

152 1884 290 2026 Quom
313 1921 388 1999 iam
413 1920 643 2025 saepissime,
680 1920 778 2025 apud
804 1945 929 1997 omues
955 1917 1092 1999 litteras
1124 1931 1274 2022 gentes,

152 2038 218 2115 viri
245 2039 344 2116 omni
370 2037 617 2117 doctrinarum
643 2038 863 2144 supellectile
880 2037 1159 2135 instructissimi,
1179 2035 1273 2112 Cor-

152 2154 238 2229 nelii
264 2156 414 2258 Nepotis
442 2180 593 2228 aureum
612 2153 775 2230 libellum
793 2157 833 2230 in
849 2155 969 2230 lucem
988 2154 1182 2248 emiserint,
1207 2151 1275 2227 hac

152 2287 274 2344 nostra
301 2271 486 2373 scriptoris
513 2271 763 2370 elegantissimi
788 2296 879 2344 nova
907 2269 1063 2344 editione
1089 2282 1276 2341 tantorum

152 2386 312 2461 virorum
336 2385 500 2463 laborem
526 2387 714 2484 aemulari,
741 2386 859 2460 multo
883 2385 1006 2460 minus
1031 2385 1181 2481 elevare,
1207 2409 1275 2459 ne-

150 2528 332 2605 quaquam
358 2504 471 2579 menti
499 2504 667 2578 occurrit.
718 2501 801 2576 Imo
826 2528 918 2599 nos,
944 2515 1046 2603 quae
1061 2498 1276 2577 facultatum

65 2659 93 2681 υ
150 2634 187 2696 et
212 2618 423 2695 eruditionis
450 2632 594 2692 nostrae
620 2616 809 2693 iufirmitas
835 2632 916 2715 cst,
953 2618 1102 2693 minime
1129 2615 1276 2695 deceret

65 2817 70 2841 ἵ,
149 2735 282 2811 horum
308 2733 460 2830 menda,
486 2734 517 2806 si
543 2733 633 2836 quid
659 2747 722 2810 aut
748 2733 963 2834 negligentes
989 2751 1054 2811 aut
1078 2731 1161 2810 sessi
1187 2760 1274 2836 pec-

149 2853 331 2951 caverint,
373 2851 587 2950 investigare
614 2865 650 2925 et
676 2848 870 2955 persequi,
912 2865 1106 2954 postquam
1141 2849 1274 2925 laboris

149 2993 276 3051 eorum
302 2968 405 3070 quasi
431 2991 580 3042 succum
619 2967 774 3064 elicere,
812 2964 916 3042 nobis
957 2966 1046 3041 utile
1072 2962 1272 3040 admodum

115 3108 118 3119 ·
147 3083 450 3185 fructuosumque
476 3083 595 3157 visum
619 3079 740 3158 fuerit.
786 3080 970 3178 Quoniam
995 3081 1102 3181 igitur
1128 3079 1174 3156 de
1200 3081 1274 3155 cla-

148 3199 299 3273 rissimis
325 3200 395 3272 illis
422 3196 634 3294 editoribus,
661 3196 861 3295 Lambiuo,
886 3197 1010 3294 Bosio,
1035 3195 1274 3295 Heusingero,
1324 3218 1337 3232 ⁸

146 3317 387 3418 pluribusque
412 3315 631 3419 nuperrimis
652 3313 766 3388 fusius
785 3315 886 3418 loqui
906 3312 1025 3417 pudor
1045 3324 1141 3390 vetat
1162 3326 1273 3416 atquc

146 3433 223 3535 ipsa
251 3435 343 3531 grati
369 3433 480 3506 animi
506 3432 704 3527 memorio,
749 3432 969 3534 peculiarem
997 3442 1137 3503 nostrae
1163 3429 1270 3504 huius

147 3549 314 3624 editionis
340 3547 501 3623 indolem
527 3548 751 3650 paucissimis
791 3546 908 3623 verbis
948 3569 1162 3649 expromere
1186 3545 1271 3656 satis

147 3665 226 3741 erit.

387 3794 399 3826 l

197 3893 393 3998 Principio,
418 3906 461 3970 ut
486 3896 562 3998 ipsa
589 3897 739 3998 Nepotis
765 3893 874 3970 verba
901 3917 1010 3993 quam
1037 3893 1193 3966 maxime
1213 3891 1270 3964 in-

147 4023 241 4109 tegra
260 4026 495 4114 accuratoque
507 4011 565 4086 hic
581 4009 845 4113 proferrentur,
858 4034 1030 4109 magnum
1045 4035 1176 4110 operae
1189 4033 1272 4108 pre-

148 4130 239 4203 tium
264 4124 346 4204 luit.
374 4130 484 4228 Ergo,
507 4125 671 4230 quamvis
690 4126 830 4227 saepius
848 4124 1125 4226 Bipontiuorum
1143 4123 1270 4197 lectio-

147 4272 230 4325 nem
256 4241 430 4322 fuerimus
456 4245 593 4342 secuti3
636 4241 834 4320 innumeris
869 4255 988 4317 tamen
1014 4240 1052 4317 iu
1079 4239 1179 4337 locis,
1205 4239 1269 4344 qui
