3352 5572
672 432 977 504 caauuactcrs
1291 409 1389 539 473

277 667 281 674 ·
306 649 377 706 idem
391 655 431 703 est
443 661 472 701 ac
485 645 590 702 sentires
602 643 685 699 'amice
696 643 807 718 cogitare

304 743 344 787 eat
360 731 421 802 poa
444 728 496 784 acal
512 732 621 805 ppoariu,
638 728 733 790 xxtu.
745 729 772 780 2.

192 846 216 884 η
275 816 360 881 Coire,
374 813 529 886 conspirare,
547 812 619 877 xv1,
630 815 656 864 2.
717 818 719 822 ’

272 900 374 966 Colere,
399 898 433 952 de
448 896 519 953 cultu
542 893 673 966 religioso,
697 892 757 957 XX,
772 897 806 960 43

306 985 421 1059 aliquem
434 982 626 1046 litteriaXXV,
639 984 681 1045 2⁰,
697 977 808 1034 familia·

306 1071 370 1124 riter
387 1079 411 1124 ct
422 1087 498 1141 saepe
507 1067 538 1122 ad
552 1067 668 1140 aliquem
679 1065 807 1136 scribere3

307 1153 393 1209 colere
412 1151 541 1225 aliquem,
554 1152 639 1216 XXV,
655 1160 695 1220 tt,
714 1150 742 1207 ln
758 1148 808 1202 lao-

309 1255 372 1294 nore
386 1236 491 1294 hahere.
793 1266 796 1274 ·

273 1321 483 1387 Collabeiacere,
501 1323 546 1388 lll,
573 1328 605 1388 ⁴3
635 1319 668 1372 de
684 1316 809 1389 dignitate

306 1399 425 1494 aququi
438 1404 553 1476 aliquem
566 1402 708 1477 depellere.

273 1488 406 1547 Collocam
421 1489 619 1546 multitudinem
635 1491 663 1544 in
686 1489 766 1561 agris,
781 1490 809 1553 1,

308 1582 335 1643 2,
348 1576 465 1631 deductis
488 1575 587 1631 colonis
600 1570 729 1646 assignaie
743 1592 809 1646 quoa

308 1659 440 1727 colant,et
451 1656 576 1725 inodant,
591 1678 674 1731 agrem
683 1657 809 1712 collocare

309 1745 353 1800 cui
369 1743 468 1809 filiam,
494 1761 531 1799 ac.
546 1742 575 1798 in
592 1742 807 1806 matrimonium,

283 1847 286 1851 ’
308 1829 393 1895 XXV,
414 1836 453 1884 19.

273 1918 368 1970 Comes
378 1914 475 1987 gloriae
485 1910 592 1977 invidia,
605 1913 668 1975 Xll,
681 1918 707 1965 3.

273 2000 407 2063 comitari,
429 1997 484 2050 scil.
511 1998 607 2066 sunus,
624 1998 732 2062 XVlll,
755 2004 808 2063 ⁴33

278 2107 280 2111 >
308 2084 391 2151 xxv,
407 2086 449 2136 22.
710 2145 712 2148 Α

274 2171 354 2222 Come
365 2165 510 2239 ingenium,
517 2164 594 2219 facile
603 2164 635 2219 ad
648 2163 808 2220 audiendum

307 2259 501 2323 praeceptorem
520 2259 547 2303 et
564 2261 632 2304 actea
657 2250 816 2326 capiendas„

309 2338 344 2397 X,
358 2343 383 2390 l.

275 2422 399 2490 eomiras,
409 2417 520 2474 civilitas
528 2419 612 2475 cultus
624 2427 650 2474 et
665 2420 809 2489 affabilitas,

309 2509 330 2573 t,
349 2512 374 2561 a.

274 2592 418 2648 Comitium
435 2595 561 2661 Spartae,
586 2593 754 2666 Xenophonti
780 2595 809 2649 ri

304 2675 433 2748 ἰ’φοριῖον,
447 2678 575 2745 xvt1,4‚·
591 2679 696 2733 comitia
712 2679 809 2733 amico·

309 2778 379 2825 rum,
391 2762 475 2827 XXV,
489 2766 514 2815 ⁴.

275 2844 465 2899 Commendare
490 2845 566 2901 alicui
594 2864 718 2918 regnum,
751 2847 811 2902 adet

310 2928 420 2984 alicuius
433 2930 608 2996 committere,
625 2935 680 2986 eius
694 2944 769 2985 carae
785 2941 811 2986 et

312 3012 408 3066 tutelae
431 3011 546 3076 eredere,
563 3014 657 3079 xvtss,
672 3019 698 3077 2,
719 3014 813 3067 dicitur

311 3113 341 3148 ea
355 3095 392 3162 vi,
405 3114 456 3167 qua
470 3094 591 3149 morituri
609 3096 813 3150 necessitudines

243 3184 261 3227 Ἀ
311 3200 368 3235 suas
390 3180 492 3254 aliaque
510 3181 598 3236 amicis
628 3180 812 3236 commendare

312 3265 451 3335 dicuntum
463 3265 658 3321 commendatio
675 3275 745 3321 tanta
761 3269 814 3321 oris

314 3359 390 3421 atque
405 3349 502 3415 uultus,
524 3351 585 3414 Vll,
609 3356 635 3416 l,
652 3352 684 3404 de
697 3353 813 3405 oratioue

314 3435 494 3490 commendata
516 3435 613 3490 uicibus
634 3436 757 3499 actionis,
786 3445 814 3489 ut

315 3519 430 3592 loquitur
443 3518 555 3587 Quintil.
564 3520 600 3584 ll,
612 3525 637 3584 3,
650 3517 813 3593 naturalique

315 3604 401 3657 vultus
413 3602 492 3676 gratia
509 3613 535 3657 et
557 3603 746 3675 pronuntiandi
765 3621 814 3657 ea·

315 3688 436 3743 cellentia
452 3685 565 3742 valente.

281 3774 428 3828 Comamm
451 3771 545 3837 celare,
569 3783 654 3829 tacere
674 3771 738 3828 fidei
754 3791 815 3829 auae

314 3855 471 3926 concredita,
480 3857 542 3923 XV,
558 3863 583 3911 3.

281 3941 437 4001 Commoda:
456 3941 579 3999 adversus
602 3943 739 4017 commoda
766 3961 813 4015 po·

317 4024 371 4093 puli
398 4035 482 4090 stare,
504 4029 576 4092 xlx,
600 4019 626 4099 l,
644 4048 690 4099 pro
706 4027 816 4082 crimine

317 4107 465 4162 anaiestatis.

282 4189 424 4246 Commode
447 4189 556 4260 saltare,
581 4196 753 4274 eu'cpur'reuc,
771 4197 814 4253 ni·

317 4273 468 4350 σχημόνως,
487 4280 581 4353 perite,
599 4283 743 4349 concinne,
763 4283 815 4338 cle·

890 651 989 715 gauter,
1007 650 1033 697 et
1056 640 1088 696 ad
1113 640 1254 698 modone
1269 659 1394 699 nim

890 739 959 800 apte,
973 727 1008 795 ll,
1024 733 1067 794 to,-
1081 727 1160 783 verba
1181 729 1265 783 {acme
1272 766 1283 794 ,
1299 728 1333 783 dc
1348 746 1391 794 ro,

890 813 937 884 qui
949 813 1066 867 nativum
1083 812 1188 884 linguae
1205 812 1324 886 leporem
1345 831 1392 868 ex·

890 898 990 969 primii,
1004 899 1037 960 11,
1056 903 1096 953 10.

855 983 1066 1037 commoverere
1078 1000 1132 1035 non
1144 991 1205 1037 sunt
1218 983 1274 1035 ausi
1287 981 1392 1053 elegen·

894 1078 932 1123 ter
945 1066 977 1120 de
990 1066 1127 1121 molitione
1142 1067 1254 1132 nelarie,
1280 1066 1393 1121 cohibita

892 1161 969 1223 atque
993 1149 1074 1209 veluti
1095 1151 1240 1215 constricta,
1265 1150 1348 1215 xvn,
1362 1155 1396 1222 ὁ,

893 1238 1065 1303 commoveri,
1078 1239 1184 1291 excitari
1196 1237 1230 1291 ad
1244 1254 1301 1289 rem
1314 1251 1391 1289 accu-

893 1325 974 1375 ratius
989 1321 1126 1392 agundam,
1136 1323 1241 1388 XIV,7;
1256 1318 1393 1392 perturba·

894 1405 926 1468 ri,
939 1407 1047 1471 xlv,o;
1061 1406 1169 1471 irritari,
1182 1407 1218 1470 X,
1230 1412 1255 1460 2.

859 1491 1013 1545 Communia
1030 1491 1138 1557 infimis,
1150 1492 1235 1556 111111,
1246 1499 1273 1547 ³.-
1285 1484 1393 1563 popula·

894 1579 937 1640 ris,
951 1574 1147 1649 δημοκρατικός.

859 1661 1014 1733 Complecti,
1029 1662 1062 1716 de
1079 1661 1244 1729 luctantibus,
1260 1662 1322 1726 XV,
1335 1663 1360 1715 2.

858 1747 1025 1814 Composito,
1046 1744 1079 1799 de
1101 1744 1239 1809 industria,
1266 1745 1295 1800 ἑκ
1311 1762 1396 1818 uqa.
1466 1771 1474 1784 .
1536 1737 1542 1747 ’

893 1836 994 1893 σκευῆς,
1009 1831 1080 1890 XIV,
1100 1836 1142 1882 46.

859 1915 963 1977 Conari,
977 1915 1026 1978 Xl,
1051 1920 1077 1977 7,
1104 1913 1291 1984 ipsumactum
1315 1920 1397 1974 notat,

893 2000 995 2053 effectui
1002 2017 1059 2052 rem
1073 1998 1144 2064 dare3
1158 2007 1249 2051 conata
1262 1996 1398 2069 perficere,

815 2130 820 2145 ,
893 2084 1029 2138 destinata:
1046 2084 1234 2155 significanter,
1250 2084 1285 2146 X,
1303 2087 1329 2137 8.

859 2168 1002 2223 Conciliare
1014 2171 1163 2223 servitutem
1171 2167 1280 2233 civibus,
1297 2168 1392 2232 xm

892 2252 1026 2306 Boeclerus
1037 2253 1099 2305 haec
1112 2252 1163 2305 ita:
1178 2250 1327 2305 blandiente
1348 2249 1398 2304 orit

894 2336 980 2402 titulo,
993 2336 1116 2408 paulatim
1134 2336 1234 2390 civibus
1251 2337 1302 2389 suis
1316 2334 1397 2390 servi·

894 2431 995 2488 tutem,
1018 2440 1087 2494 quae
1110 2419 1158 2473 sub
1183 2422 1233 2473 isto
1255 2420 1309 2473 otio
1326 2427 1397 2474 cern

894 2507 967 2571 latet,
982 2505 1063 2561 veluti
1081 2515 1210 2577 acceptam
1224 2503 1344 2571 reddere,
1358 2505 1397 2558 la·

893 2609 962 2658 cere,
975 2601 1004 2645 ut
1025 2591 1094 2664 quod
1111 2592 1230 2644 omnium
1247 2588 1395 2643 noxloaini·

895 2694 968 2729 mum
989 2684 1037 2739 est,
1054 2674 1134 2728 veluti
1151 2676 1298 2746 profuturae
1322 2683 1395 2729 tran·

894 2757 1030 2831 quillitatis
1051 2757 1137 2828 elogio
1161 2756 1262 2829 placeat
1280 2763 1395 2810 ametur·
1456 2792 1458 2796 -

895 2862 956 2915 que.

862 2927 1018 2982 conciliator
1028 2927 1189 2998 nuptiarum,
1202 2927 1288 2991 XXV,
1307 2931 1397 2998 tlzpa·

896 3010 987 3070 carius,
1004 3009 1170 3079 προξινητὴς.

863 3094 1010 3148 Concilium
1020 3094 1174 3158 amicorum,
1183 3100 1335 3167 eonaentnp,
1341 3092 1398 3157 XV,

898 3186 923 3232 3.

863 3265 1011 3318 Concinnus
1024 3265 1052 3316 in
1071 3264 1197 3319 brevitate
1214 3260 1399 3333 respondendi,

897 3349 969 3401 cuius
985 3347 1063 3401 breve
1088 3364 1238 3418 responsum
1266 3345 1397 3416 aptissime

897 3433 1034 3504 congruit,
1063 3433 1193 3504 appositae
1222 3431 1398 3499 responsiones

897 3537 959 3571 curn
972 3521 1097 3578 suavitate
1108 3517 1170 3572 dicti
1184 3524 1314 3569 nutantum
1331 3514 1399 3571 tre·

899 3603 1067 3676 φθιγματικός
1079 3602 1183 3657 Graecis
1198 3611 1263 3656 esset
1276 3599 1333 3656 talis
1346 3599 1395 3654 lao-
1466 3632 1469 3645 ·

899 3709 954 3754 mo,
971 3691 1029 3755 XV,
1040 3695 1065 3744 5.

864 3777 961 3830 Conciu
974 3775 1072 3848 populi,
1084 3776 1117 3840 ll,
1137 3784 1162 3828 t:
1177 3772 1209 3828 dc
1226 3773 1327 3829 iudicio
1346 3791 1394 3846 pu·

899 3857 977 3915 blico.

865 3944 1025 4000 Concludere
1038 3964 1091 3999 uno
1100 3944 1243 4007 volumine,
1249 3943 1398 4017 complecti,

899 4032 959 4094 XV,
983 4038 1013 4099 43
1027 4030 1156 4085 conclusio
1173 4048 1221 4101 pro
1246 4029 1398 4097 obsidione,

900 4112 999 4178 xvsst,
1015 4119 1040 4168 5.

867 4197 1051 4269 Concupiscere
1070 4196 1187 4261 maiora,
1205 4198 1250 4262 tv,
1278 4206 1311 4265 t,
1335 4193 1400 4251 alibi

903 4284 1012 4341 maiores
1027 4301 1069 4339 res
1084 4291 1214 4359 appetere,
1230 4280 1264 4337 dc
1287 4278 1400 4346 molitio·

1580 340 1612 474 ,λ’
