3352 5572
570 466 816 534 srrrnrmt
1189 437 1256 582 39

193 676 240 775 Q·
263 669 521 755 ssrnmvs
545 672 764 755 rsornus
790 668 1193 773 consumtum,

386 935 460 987 m.
486 934 514 986 n
531 932 579 986 sn
599 929 797 1006 usrrouns,
824 930 994 987 osr.x11.
1072 992 1088 1007 „

181 1149 310 1222 Exstat
336 1146 438 1251 apud
464 1145 605 1222 litteras
625 1160 765 1222 vestras
789 1167 1068 1252 usquequaque
1094 1146 1250 1227 Saturni
1328 1131 1334 1144 ⁶

119 1290 275 1340 census.
302 1265 476 1366 Legimus
503 1264 604 1369 apud
631 1260 799 1338 Cassium
825 1261 1018 1356 Severum,
1045 1265 1147 1370 apud
1160 1267 1252 1343 Cor·

129 1376 250 1454 nelios
275 1376 459 1482 Nepotem
486 1390 525 1455 et
549 1374 743 1468 Tacitum,
768 1374 871 1480 apud
896 1378 1060 1456 Graecos
1090 1402 1249 1485 quoque

128 1496 335 1573 Diodorum
350 1549 462 1573 .....
489 1498 635 1602 quique
660 1493 726 1570 alii
743 1494 1012 1598 antiquitatum
1040 1522 1155 1577 canos
1173 1498 1250 1578 col·

128 1615 316 1719 legerunt.

364 1874 475 1942 ruris,
501 1875 541 1925 rr
569 1869 830 1946 srosoourrco,
856 1871 939 1925 csr.
962 1872 1002 1924 x.

177 2082 413 2175 Saturnum,
439 2097 627 2185 quantum
652 2077 801 2158 litterae
827 2077 988 2171 docent,
1007 2105 1134 2187 neque
1160 2082 1247 2159 Dio·
1287 2113 1290 2119 ·

128 2199 243 2274 dorus
263 2201 430 2273 Graecus
456 2213 521 2272 aut
547 2193 728 2289 Thallus,
755 2221 883 2299 neque
915 2196 1059 2271 Cassius
1085 2196 1246 2273 Severus

128 2327 192 2387 aut
202 2310 546 2419 CorneliusNepos,
560 2336 687 2415 neque
702 2308 804 2388 ullus
815 2325 1087 2390 commentator
1104 2310 1246 2391 eiusce-

127 2427 227 2503 modi
253 2428 546 2535 antiquitatum,
570 2426 674 2504 aliud
699 2453 812 2538 quam
837 2425 1029 2507 hominem
1062 2422 1242 2535 promul·.
1351 2469 1352 2472 ¹

125 2560 274 2648 gerunt.

465 2707 898 2835 muscherum,

423 2948 465 3000 rr
500 2947 675 3014 ocrsvro,
717 2947 797 2998 ear.
837 2946 930 3000 xxu.

171 3126 377 3206 Saturnum
403 3156 534 3206 omnes
560 3128 764 3232 scriptores
792 3127 999 3222 vetustatis,
1012 3124 1147 3204 Graeci
1166 3126 1241 3204 tto·

121 3252 316 3353 marsique,
342 3248 530 3322 hominem
557 3248 816 3352 prodiderunt.
844 3246 922 3323 Scit
947 3247 1020 3324 hoc
1047 3244 1179 3349 Nepos
1204 3261 1242 3320 et

122 3371 265 3444 Cassius
291 3368 332 3441 in
356 3366 534 3461 historia,
562 3373 602 3441 et
628 3363 786 3442 Thallus
814 3391 858 3440 ac
882 3365 1075 3443 Diodorus
1093 3361 1167 3440 hoc
1185 3359 1240 3436 lo·
1347 3360 1350 3367 ’

124 3500 311 3589 quuntur.

223 3775 267 3854 L.
294 3769 499 3850 conuws
522 3768 826 3849 sumturus
851 3768 1136 3873 sumpturis,

338 4004 411 4057 uls.
439 4001 454 4053 l
480 4002 595 4058 utvtrt.
622 3998 810 4057 trsrtrvr.
835 4000 913 4055 etr.
939 3996 1020 4055 llll·

176 4185 339 4280 Omnes,
366 4213 446 4266 non
463 4200 609 4266 tuntum
628 4194 764 4295 poetae
779 4239 789 4277 ,
807 4185 870 4264 sed
883 4184 1126 4263 historiarum
1144 4209 1240 4289 quo·

129 4331 204 4409 que
222 4332 266 4382 ac
291 4334 419 4387 rerum
431 4304 1240 4413 antiquarumscriptures,homiuemsuisse
