3352 5572
558 439 757 564 crunnus
1127 467 1224 594 245

104 706 208 784 iacet
226 720 341 813 atque
365 701 678 810 Hellespontum,
708 717 749 782 et
766 701 877 782 illum
904 728 1023 784 unum
1042 732 1229 816 opposue-¹

65 872 73 889 .
108 839 170 900 rat
189 824 398 926 Europaeis
415 819 659 896 adversariis:
678 821 759 928 ipse
788 824 1003 928 Aegyptum
1022 852 1225 933 oppugna.

51 958 56 967 ’
110 958 191 1017 tum
211 941 385 1018 adversus
410 938 667 1017 Ptolemaeum
700 956 782 1013 erat
808 942 1012 1044 proiectus.
1040 942 1231 1026 Eumenes

109 1085 225 1161 quum
244 1083 373 1161 neque
398 1084 549 1161 magnas
576 1055 726 1163 copias,
744 1056 1023 1160 neque.firmas
1048 1058 1230 1159 haberet,

110 1174 216 1280 quod
236 1177 514 1265 inexercitatae,
532 1191 571 1248 et
590 1200 668 1249 non
695 1171 816 1251 multo
834 1190 921 1251 ante
948 1192 1058 1252 erant
1077 1195 1229 1256 contra-

112 1309 215 1383 ctae;
235 1292 441 1368 adventare
455 1306 581 1368 autem
608 1289 848 1382 dicerentur,
864 1290 1232 1399 Hellespontumque

112 1410 288 1484 transisse
306 1409 507 1512 Antipater
527 1423 565 1481 et
590 1407 765 1482 Craterus
791 1434 1033 1511 magnacum
1063 1413 1235 1510 exercitu

111 1523 377 1616 Macedonum,
394 1525 465 1602 viri
481 1549 603 1627 quum
623 1520 806 1616 claritate,
824 1531 908 1600 tum
927 1551 999 1601 usu
1017 1523 1109 1601 belli
1125 1554 1234 1633 prae·

111 1658 250 1718 stantes
268 1640 511 1745 (Macedones
539 1668 629 1717 vero
648 1639 784 1718 milites
803 1667 847 1716 ea
873 1659 969 1719 tunc
995 1660 1106 1720 erant
1121 1643 1235 1741 famu,

112 1788 188 1864 qua
217 1759 499 1836 nunc'Romani
536 1757 737 1833 feruntur:
767 1761 906 1834 etenim
932 1786 1080 1864 semper
1112 1762 1236 1841 habiti

113 1893 199 1950 sunt
219 1874 431 1967 fortissimi,
457 1876 525 1979 qui
548 1900 726 1950 summam
747 1877 897 1980 imperii
923 1878 1143 1980 potirentur
1163 1885 1177 1935 ³
1194 1879 1236 1982 );

112 1994 301 2068 Eumenes
314 1989 560 2092 intelligebat,
587 1993 618 2066 si
639 1992 771 2095 copiae
788 2018 876 2067 suae
896 2011 1135 2095 cognossent,
1160 1992 1233 2070 ad·

114 2132 244 2186 versus
260 2133 355 2208 quos
381 2107 640 2199 ducerentur,
668 2133 746 2182 non
776 2107 889 2185 modo
909 2135 988 2185 non
1005 2111 1144 2202 ituras,
1168 2110 1237 2189 sed

115 2222 226 2301 simul
254 2250 340 2301 cum
365 2226 498 2301 nuntio
530 2223 751 2328 dilapsuras.
788 2223 927 2327 Itaque
956 2225 1029 2301 hoc
1055 2226 1135 2302 eius
1161 2225 1238 2306 fuit

42 2393 45 2397 n
114 2340 449 2448 prudentissimum
468 2342 680 2434 consilium,
693 2359 735 2418 ut
753 2341 869 2420 deviis
882 2342 1082 2421 itineribus
1099 2341 1238 2426 milites

115 2460 283 2556 duceret,
294 2462 335 2536 in
345 2459 484 2566 quibus
494 2488 583 2540 veru
592 2458 722 2535 audire
735 2485 815 2536 non
833 2475 1000 2564 possent,
1018 2476 1058 2538 et
1076 2459 1135 2538 his
1151 2488 1240 2569 per-

115 2577 304 2673 suaderet,
322 2605 362 2654 se
375 2596 509 2657 contra
527 2579 709 2685 quosdam
720 2576 905 2656 barbaros
922 2581 937 2630 ⁴
954 2576 1156 2684 proficisci.
1168 2581 1240 2658 Ita·

116 2720 193 2800 que
211 2696 333 2773 tenuit
351 2697 425 2772 hoc
443 2698 694 2801 propositum,
713 2699 728 2749 ⁵
746 2711 785 2772 et
803 2696 909 2801 prius
926 2696 967 2771 iu
985 2694 1104 2771 aciem
1121 2707 1237 2774 exer·

116 2925 206 2993 fratri,
231 2929 277 3001 qui
297 2937 384 2999 postea
403 2928 540 3000 Phiiippus
567 2927 651 2981 dictus
702 2925 742 2979 nis
760 2927 841 2980 utitur
854 2923 887 2979 sd
903 2924 1059 2980 memoriam
1075 2926 1179 2981 lectoris
1191 2944 1237 2982 re-

116 3021 164 3066 est.
180 3015 303 3068 Ltu-
320 3012 505 3068 Ptolemaeum.
529 3011 595 3085 Lagi
614 3009 648 3061 fi·
702 3009 860 3066 novandam.
884 3012 994 3065 traua.
1019 3039 1052 3054 -
1077 3009 1160 3066 &mul
1181 3031 1241 3069 asos

118 3095 200 3163 lium,
221 3097 268 3169 qui
286 3116 316 3151 ex
338 3097 458 3168 gregario
480 3095 566 3149 milite
582 3096 652 3149 inter
701 3097 796 3149 mundo.
821 3093 916 3150 Statim
939 3112 968 3150 sc
989 3095 1139 3150 nuntiatum
1156 3105 1240 3169 etset3

117 3179 194 3233 duces
214 3188 241 3234 et
258 3197 413 3234 successores
427 3177 567 3233 Alexandri
578 3177 654 3233 habi-
702 3197 755 3234 non
770 3179 855 3233 nuntii
867 3179 1019 3233 societatem
1036 3178 1141 3233 indicat.

118 3275 159 3317 tus
171 3272 220 3329 est,
233 3271 309 3333 atque
322 3261 368 3315 ilio
385 3271 490 3316 mortuo
502 3254 651 3335 Aegyptum
736 3266 779 3333 (t)
795 3265 889 3318 Contra
901 3265 1025 3336 quosdam
1037 3262 1170 3318 tartaron.
1177 3260 1240 3318 Plu·

117 3347 291 3417 occupat¹it.A
304 3361 356 3417 qno
368 3354 556 3416 posteoomnes
566 3347 653 3417 Aegy·
705 3347 808 3401 turchos
831 3348 864 3400 de
889 3345 1066 3402 Gerrulitates
1087 3346 1242 3401 anamma·

116 3434 154 3503 pti
168 3437 241 3504 reges
256 3431 397 3486 Ptolemaei
411 3430 474 3484 dicti
488 3431 652 3483 suntcoosr.
688 3449 786 3502 .quum
809 3429 949 3485 audivisset
966 3430 1100 3483 Craterum
1118 3426 1243 3483 adrem

151 3519 196 3585 (3)
212 3515 266 3587 Qui
285 3534 406 3568 mmm
423 3515 522 3586 imperti
537 3515 650 3585 pott‘reu·
702 3533 730 3569 se
747 3534 808 3570 cum
823 3515 903 3587 copiis
915 3511 1128 3580 renire,=uemini
1140 3511 1241 3567 emico·

116 3612 165 3654 tur.
183 3601 202 3653 l.
219 3601 320 3674 e.,·qui
332 3599 423 3654 ceteris
439 3597 652 3670 imperarentur«
703 3606 765 3654 r'um
778 3616 836 3654 mm
848 3599 960 3672 aperuit,
977 3596 1022 3651 sed
1035 3594 1242 3667 Neoptolemum

118 3683 374 3756 0io.XlllPhilipp.=
390 3681 542 3738 evincamus
551 3681 653 3745 odium
703 3702 760 3740 esse
775 3685 860 3741 finxit
884 3686 960 3738 Hunc
973 3683 1045 3736 enlm
1065 3680 1164 3738 milites
1180 3682 1240 3738 Eu·

118 3786 261 3845 pacemque
270 3772 432 3844 potiemurr.
457 3768 653 3842 Genitigitur,
703 3770 790 3826 menis
805 3767 1026 3836 contemnebant3
1048 3765 1120 3823 illius
1135 3776 1163 3824 et
1179 3767 1242 3840 glo-¹

119 3855 232 3910 ablativo
248 3863 276 3909 et
288 3853 433 3908 accusativo
446 3852 565 3907 iunctum
577 3852 655 3920 potiri
705 3856 771 3908 riam
784 3852 980 3907 admirabantur
986 3889 997 3916 ,
1012 3859 1039 3906 et
1056 3850 1181 3907 sinuum
1194 3850 1241 3906 di·

120 3939 188 4010 apud
202 3948 320 4013 nostrum
334 3939 472 4012 reperitur.
481 3967 515 3982 -
528 3938 656 3990 Euroeoes
706 3939 830 4011 ligabant,
838 3943 903 3993 nem
917 3940 1008 4010 ipsam,
1021 3947 1128 4011 “cepto
1139 3939 1240 3994 mma.

119 4024 286 4096 intelligebat.
296 4023 476 4096 Επανάληψις,
485 4031 589 4096 propter
598 4020 656 4075 tou·
706 4043 760 4087 ne,
784 4033 859 4078 norst
882 4041 962 4078 nemo
975 4044 999 4077 s.
1015 4022 1083 4079 Vide
1102 4019 1140 4078 itt
1156 4020 1243 4096 plum

120 4125 180 4178 gem
198 4108 421 4181 interpositionem
436 4110 505 4163 inter
522 4126 552 4162 es
564 4106 656 4179 squtt
707 4114 806 4166 Βοεινε.

122 4189 208 4246 multo
224 4201 284 4247 anto
300 4194 368 4249 dieta
381 4201 449 4248 sunt.
469 4191 567 4246 Pendet
582 4192 655 4245 enirn
739 4197 782 4264 (5)
808 4193 897 4266 Itomae
913 4197 990 4250 mersit
1010 4170 1242 4269 ommipotens

122 4277 251 4329 sententie
265 4276 299 4330 elo
310 4275 356 4330 illo
369 4274 437 4344 loco,
448 4277 657 4349 commotum
706 4278 829 4336 solemne
845 4297 949 4353 quoqne
965 4288 1004 4336 est
1020 4280 1056 4335 ite
1078 4277 1153 4354 loqui
1170 4279 1244 4334 cue·

122 4357 654 4433 maroneum-uum·
707 4361 1245 4441 tmmuetmaumomm
1307 4430 1310 4435 ,
1423 4316 1426 4320 ’
