3352 5572
420 440 510 538 136
851 424 1098 531 anciriana

412 692 469 761 se,
511 691 698 771 naresque
730 685 832 772 pene
857 663 990 738 inance
1015 657 1192 755 relictas,
1219 677 1366 768 tempus
1393 668 1448 741 rei
1477 693 1537 770 ge·

411 782 555 862 rendae
581 810 662 859 non
687 782 852 873 dimisit,
887 802 1012 882 eoquo
1046 779 1191 881 impetu
1229 793 1349 857 totum
1387 780 1535 858 bellum

410 898 564 981 delerit.

463 1017 533 1094 IX.
560 1020 610 1094 At
628 1015 855 1107 Alcibiades,
882 1013 988 1089 victis
1014 1013 1319 1106 Atheniensibus,
1346 1019 1535 1094 nonsatis

411 1148 493 1216 tuta
520 1134 747 1212 cademlooa
764 1131 834 1208 sibi
863 1129 1079 1220 arbitratus,
1091 1117 1250 1237 'penitus
1276 1135 1316 1207 in
1335 1134 1535 1210 Thraciam

411 1283 451 1333 se
477 1281 594 1358 supra
618 1250 886 1356 Propontidem
902 1250 1060 1342 abdidit,
1079 1255 1088 1297 ⁴
1114 1277 1271 1355 sperans
1285 1252 1337 1325 ibi
1352 1249 1531 1327 facillime

411 1397 517 1448 suam
544 1369 734 1446 fortunam
761 1364 883 1443 occuli
912 1393 1042 1471 posses
1068 1366 1180 1444 falso.
1219 1371 1311 1444 Nam
1348 1368 1534 1460 Thraces,

409 1505 609 1596 postquam
631 1514 718 1563 eum
731 1513 818 1562 cum
833 1512 964 1588 magna
979 1487 1141 1589 pecunia
1157 1487 1300 1561 venisse
1319 1507 1533 1581 senserunt,

409 1604 565 1682 insidias
585 1607 619 1681 ei
645 1604 842 1681 fecerunt:
871 1604 1022 1705 quiea,
1047 1629 1142 1703 quae
1162 1620 1391 1706 apportarat,
1405 1605 1532 1684 ahstu-

410 1720 566 1816 lerunt,
605 1725 730 1827 ipsum
756 1746 889 1821 capere
918 1743 997 1793 non
1015 1735 1240 1824 potuerunt.
1267 1719 1337 1796 Ille
1357 1705 1531 1814 cernens,

410 1837 557 1915 nullum
578 1837 707 1917 locum
734 1837 804 1915 sibi
824 1854 946 1913 tutum
967 1838 1007 1911 in
1034 1838 1193 1910 Graecia
1211 1853 1370 1940 propter
1389 1817 1528 1942 poteri-

410 1956 501 2031 tia'm
529 1956 928 2042 Lacedaemoniorum,
946 1956 962 2005 ²
990 1951 1038 2027 ad
1058 1950 1341 2029 Pharnabazum
1355 1955 1393 2029 in
1407 1957 1531 2032 Asiam

412 2073 574 2151 transiit.
590 2076 712 2170 Quem
725 2071 878 2173 quidem
888 2067 983 2147 adeo
996 2096 1064 2146 sua
1081 2068 1439 2174 cepithumanitate,
1456 2078 1471 2125 ³
1489 2081 1531 2149 ut

410 2213 498 2266 eum
517 2216 630 2266 nemo
647 2192 689 2263 in'
704 2190 865 2265 amicitia
884 2184 1137 2262 antecederet.
1160 2183 1336 2290 Namque
1360 2190 1395 2263 ei
1423 2189 1526 2264 Gru·

409 2307 517 2382 nium
543 2306 714 2400 dederat,
740 2310 782 2382 in
800 2306 964 2410 Phrygia
990 2321 1167 2390 castrum,
1187 2330 1234 2378 ex
1247 2331 1325 2406 quo
1340 2306 1530 2409 quinqua·

409 2447 507 2524 gena
531 2420 673 2500 talenta
699 2420 890 2527 vectigalis
917 2419 1099 2523 capiebat.
1132 2421 1217 2513 Qua
1237 2417 1392 2496 fortuna
1421 2420 1528 2498 Alci-

408 2537 538 2614 biades
555 2565 633 2614 non
651 2556 734 2615 erat
753 2553 968 2627 contentus,
989 2561 1117 2641 neque
1134 2534 1299 2612 Athenas
1319 2538 1433 2612 victas
1453 2541 1528 2613 La·

390 2653 665 2733 cedaemoniis
691 2658 836 2734 servire
863 2669 1015 2760 poterat
1040 2655 1130 2756 pati.
1148 2655 1281 2755 Itaque
1300 2656 1346 2730 ad
1372 2657 1532 2756 patriam

407 2768 642 2848 liberandam
662 2775 766 2851 omni
779 2770 974 2849 ferebatur
985 2771 1226 2874 cogitatione.
1240 2770 1316 2846 Sed
1330 2771 1479 2848 videbat
1492 2773 1533 2848 id

408 2889 488 2962 sine
514 2894 627 2993 rege4
654 2893 852 2965 Persarum
878 2912 958 2962 non
987 2913 1095 2987 posse
1127 2886 1228 2977 fieri3
1248 2886 1412 2992 ideoque
1447 2917 1530 2965 euru

442 3144 485 3211 (t)
502 3141 607 3197 Ponitur
629 3149 656 3196 in
678 3143 706 3197 Τ
704 3144 816 3199 lunatam
829 3167 855 3200 rc
870 3167 944 3218 supra
1027 3147 1071 3212 (2)
1088 3144 1203 3213 Propter
1213 3149 1352 3215 porerrsiam
1367 3146 1532 3202 Lucam

406 3225 595 3297 Propontidem
613 3228 719 3281 abdidit.
734 3227 897 3283 Alcibiadem
914 3232 943 3284 in
994 3232 1100 3280 uioruna.
1109 3229 1171 3296 Qui,
1191 3227 1299 3282 devictis
1318 3229 1531 3297 Atheniensibus,

406 3310 556 3383 Bithyniam
569 3314 727 3384 profugisse,
744 3314 831 3385 ibique
844 3334 857 3368 a
872 3320 938 3371 Tm.
994 3321 1019 3363 et
1034 3321 1113 3364 torrae
1131 3321 1157 3363 et
1171 3312 1250 3365 maris
1268 3313 1408 3384 imperium
1428 3316 1529 3369 obtine·

308 3396 309 3401 ’
405 3393 480 3448 eihus
495 3395 574 3448 fuisse
590 3395 727 3465 spoliatum
745 3398 822 3452 tradit
835 3399 939 3453 Plutar-
992 3394 1105 3448 bant-
1116 3396 1149 3447 Ia
1161 3397 1260 3449 Asiam.
1277 3399 1377 3469 Nempe
1398 3402 1426 3453 in
1444 3401 1528 3472 Phry·

408 3476 482 3533 ώω,
498 3477 573 3548 Quod
591 3498 644 3533 „011
670 3500 773 3551 pronus
795 3501 811 3535 a
835 3483 942 3554 Nepoti,
993 3477 1078 3546 giam,
1092 3479 1120 3530 in
1139 3496 1189 3549 qua
1206 3488 1279 3542 tuna,
1304 3479 1439 3535 Plutarcho
1456 3493 1531 3547 teste,

406 3571 496 3617 nense
513 3561 627 3631 alianum
642 3573 688 3619 aa,
706 3566 773 3619 Nam
790 3577 817 3620 er
830 3568 942 3622 Thrace,
992 3573 1046 3614 crat
1063 3560 1251 3629 Pharnabazus,
1262 3583 1311 3633 quo
1322 3563 1438 3619 adiutore
1451 3579 1478 3622 et
1491 3570 1528 3622 in·

403 3644 543 3717 Bithyniae
565 3659 666 3719 partein
685 3648 843 3717 incolebant,
863 3660 941 3724 atque
993 3657 1106 3719 terpreta
1123 3648 1241 3719 sperabat
1257 3651 1320 3713 sore,
1334 3663 1362 3706 ut
1379 3653 1429 3708 sihi
1441 3654 1530 3707 adhe·

403 3726 453 3797 ipsi
466 3727 581 3783 Thraces
598 3729 705 3802 Bithyni
721 3729 793 3797 dicti,
805 3741 940 3803 postquam
995 3739 1125 3784 taaerxem
1143 3741 1240 3802 pateret
1252 3733 1344 3788 aditus.

404 3809 435 3864 in
446 3811 534 3865 Adam
548 3814 764 3870 transfretassent.
778 3815 854 3870 vnde
864 3816 942 3872 Clau·
1026 3819 1068 3885 (3)
1081 3817 1158 3868 Adeo
1172 3837 1217 3870 aua
1229 3824 1293 3889 oepit
1306 3820 1468 3875 hummrisare.
1477 3823 1529 3875 Seu

405 3891 508 3960 dianus,
525 3895 554 3948 in
566 3898 673 3970 Euuop.
687 3901 720 3964 11,
734 3903 794 3967 2472
992 3899 1076 3970 potina
1088 3899 1212 3973 singulari
1226 3902 1340 3973 quadam
1354 3907 1380 3958 vi
1393 3908 1420 3958 in
1435 3906 1529 3958 animis

404 4023 496 4096 Thym.
510 4025 622 4081 mam
638 4045 721 4097 emt,
735 4051 799 4104 qm
812 4051 876 4087 mm
893 4034 941 4087 Bt,-
990 3986 1039 4040 sibi
1053 3987 1228 4056 conciliandis3
1251 3989 1284 4043 de
1298 4009 1347 4062 qua
1368 3989 1444 4060 plura
1457 3990 1526 4045 Mal.

992 4079 1184 4145 retemptat
1199 4083 1225 4128 et
1234 4091 1306 4147 seqq.

402 4227 405 4235 ,
736 4116 783 4190 '1⁵7
783 4119 827 4170 ’,ὼ
837 4119 868 4191 s
859 4130 933 4173 ‘mr‘
1025 4155 1528 4230 (a)negera-am,anaxenetane·

404 4223 480 4283 Μὰ
497 4225 596 4295 ΡῙῙΜι
609 4238 692 4288 3¹0·-
706 4234 783 4292 Stwm
798 4239 940 4310 sormam.
992 4259 1079 4308 mone,
1092 4242 1149 4314 qui,
1161 4242 1233 4313 Cyro
1252 4243 1330 4297 fratrc
1351 4243 1430 4312 victo,
1448 4246 1526 4302 Dario

404 4312 591 4388 Opesarilicet.
993 4328 1383 4399 iuuiauccesseratdtascuuca.
