3352 5572
287 411 380 543 396
618 441 675 502 ιο.
710 440 843 505 naun.
876 436 1095 505 sonutam,

282 646 378 701 tatione
389 644 552 715 praesertim,
565 643 610 698 ubl
623 642 742 715 exempla
756 641 896 718 deligenda
905 649 979 698 erant
991 640 1125 697 notissima
1138 648 1166 698 et
1181 641 1340 712 certissima,
1349 650 1412 702 hm

282 728 396 798 graviter
409 744 514 781 errasse.

315 813 360 864 lV.
374 810 456 863 Praei.
474 811 497 880 5.
517 817 539 860 t:
559 811 623 884 Qnis
639 815 757 864 russicam
771 812 881 865 doorserit
893 810 1110 882 Epaminondam.
1124 808 1196 863 Nihil
1221 811 1337 882 apertius
1352 812 1410 868 de-

280 891 357 947 clarat
371 891 436 943 hanc
449 893 609 945 Graecorum
624 911 727 946 morum
745 893 893 946 aliomanis
902 893 1089 957 diversitatem,
1103 911 1184 962 quam
1194 891 1220 945 id
1233 893 1303 964 quod
1315 895 1412 953 Οἰοεω

281 977 326 1038 ait,
344 974 445 1044 Quaest.
459 974 536 1027 Taso.
554 976 574 1038 l,
591 992 612 1027 o.
631 981 657 1027 t:
678 977 837 1029 sSummam
862 974 1036 1028 eruditionem
1060 975 1155 1028 Graeci
1171 975 1247 1029 sitam
1263 977 1411 1035 censebant

284 1057 338 1109 siu
352 1075 491 1111 nervorum
505 1076 650 1129 vocumque
671 1059 795 1113 cautibus.
809 1060 892 1129 Igitur
909 1067 935 1110 et
953 1057 1158 1128 Epaminondas,
1181 1059 1317 1129 princeps,
1341 1079 1408 1115 meo

283 1159 294 1190 ι
310 1138 414 1203 iudicio,
426 1140 558 1204 Graeciae,
567 1140 661 1194 fidibus
675 1141 802 1212 praeclare
812 1141 934 1194 cecinisse
944 1140 1048 1208 dicitur,
1060 1141 1290 1212 Themistoclesque
1302 1142 1410 1217 aliquot

283 1240 294 1272 ι
312 1225 471 1286 antemnis,
489 1240 567 1292 quum
583 1224 611 1277 in
625 1223 708 1294 epulis
722 1233 861 1289 recusasset
882 1222 980 1295 lyram,
994 1223 1097 1276 habitus
1119 1233 1157 1276 est
1176 1222 1312 1277 indoctior.
1333 1227 1408 1297 Ergo

282 1320 293 1351 ι
312 1301 339 1354 in
352 1304 458 1357 Graecis
471 1305 561 1356 musici
574 1304 728 1368 floruerunt,
736 1304 918 1377 discebantque
928 1304 954 1359 id
966 1323 1131 1370 omues,nec,
1140 1305 1186 1376 qui
1194 1305 1331 1370 nesciebat,
1339 1307 1408 1361 satis

282 1400 294 1433 a
308 1382 425 1437 excultus
438 1384 555 1437 doctrina
571 1383 741 1455 putabatur·

312 1466 439 1520 Carebsnt
451 1469 574 1533 iiomani,
587 1486 668 1537 quum
679 1477 768 1522 tamen
785 1470 915 1523 Ciceronis
932 1478 1014 1524 aetate
1027 1477 1111 1522 essent
1125 1467 1311 1533 florentissimi,
1323 1467 1407 1523 bonis

279 1550 384 1601 musicis
397 1549 507 1621 perinde
523 1560 552 1603 ut
568 1549 719 1621 pictoribus,
732 1554 794 1624 quia
806 1551 931 1607 dedecere
941 1552 1062 1624 putabant
1072 1551 1120 1606 bss
1131 1559 1198 1604 artes
1208 1550 1278 1604 viros
1288 1550 1407 1607 nobiles.

279 1631 338 1698 Quo
350 1629 437 1682 minus
454 1639 509 1684 erat
520 1631 571 1683 arti
588 1630 704 1697 honoris,
715 1650 747 1684 eo
763 1636 865 1686 minora
883 1633 964 1686 studia
982 1633 1093 1687 suerunt.

310 1712 344 1764 V.
358 1711 438 1764 Praes.
453 1712 476 1783 5.
492 1718 506 1765 7
511 1734 517 1764 ι
535 1713 726 1786 Gynaecom'tis.
740 1715 889 1788 Respondet
906 1714 969 1769 haec
981 1734 1030 1771 vor
1044 1716 1079 1778 ei,
1093 1731 1172 1787 qnam
1185 1715 1286 1767 'furcae
1303 1712 1405 1786 allique

277 1793 353 1849 Asiae
364 1792 455 1867 populi
468 1803 599 1865 usurpant,
622 1796 735 1861 Ηιιιιιιιι,
752 1797 803 1852 nisi
822 1797 891 1869 quod
905 1799 1022 1852 moribus
1047 1797 1180 1851 differunt.
1197 1797 1304 1851 Graecis
1327 1798 1404 1853 enim

278 1893 358 1929 unam
375 1885 474 1930 tantum
489 1893 597 1929 uxorem
610 1875 704 1931 ducere
718 1877 756 1931 sas
772 1889 839 1943 erat,
853 1896 935 1950 quum
952 1876 1100 1945 lllahomed,
1113 1895 1145 1931 ex
1158 1876 1265 1947 antiqua
1279 1877 1404 1948 gentium

276 1958 447 2012 Asiaticsrum
461 1957 661 2023 consuetudine,
674 1957 774 2013 asseclis
789 1959 842 2014 auis
855 1960 940 2031 plures
949 1960 1106 2032 permiserit,
1115 1957 1278 2032 qualieentia
1289 1957 1403 2013 ditiores

278 2038 507 2095 adhustnserdum
520 2047 641 2094 utuntur.
656 2041 783 2095 Hortense
794 2051 883 2096 auctor
900 2052 947 2107 est,
965 2044 1017 2095 iarn
1037 2041 1104 2096 olim
1120 2042 1230 2096 seminas
1249 2046 1398 2108 separatum

278 2141 293 2175 a
310 2122 374 2176 viris
386 2120 548 2179 domicilium
571 2141 715 2194 occupasse.
728 2124 856 2179 Monstrat
875 2124 901 2177 id
922 2125 1071 2196 exemplum
1097 2123 1246 2194 Penelopes,
1261 2119 1398 2192 Odysseae

279 2203 345 2259 libro
359 2206 380 2259 l.
395 2208 530 2259 Servatum
542 2207 620 2259 luisse
643 2204 766 2260 eumdem
783 2209 939 2263 Graeoorum
952 2226 1054 2260 morem
1068 2205 1182 2260 Cornelii
1196 2203 1275 2257 etiarn
1290 2206 1396 2267 aetate,

278 2282 423 2339 luculentus
435 2287 508 2340 testis
521 2295 559 2339 est
574 2287 714 2343 Vitnsvins.
731 2291 756 2341 is
767 2289 850 2353 enim,
863 2287 896 2341 de
919 2287 1096 2342 Architectura
1109 2286 1155 2341 lib.
1170 2288 1216 2350 Vl,
1227 2302 1250 2337 c.
1266 2288 1309 2347 tt),
1320 2280 1398 2355 quod

276 2368 437 2422 inscribitur:
455 2370 518 2422 sDe
532 2368 689 2423 Graecomm
713 2368 889 2424 aedilitiorum
908 2388 1053 2442 eorumque
1077 2371 1191 2440 partium
1206 2365 1397 2439 dispositione,

279 2471 290 2502 ι
309 2459 385 2523 atque
401 2450 579 2506 differentibus
592 2451 750 2516 nominibus,
765 2451 824 2506 satis
846 2452 879 2506 ab
892 2451 986 2506 italicis
1001 2451 1117 2506 moribus
1138 2459 1165 2506 et
1184 2448 1274 2504 usibus
1289 2447 1397 2501 discre-

278 2553 289 2586 ιι
306 2533 457 2604 pentibus3s
474 2551 525 2586 non
543 2532 628 2586 solum
642 2534 805 2589 mentionem
821 2533 881 2587 mis
892 2533 1105 2606 gynaeconitidis,
1126 2531 1171 2586 sed
1195 2532 1274 2585 etiarn
1298 2529 1377 2584 docet
1386 2565 1398 2594 ‚

276 2615 406 2686 quomodo
418 2614 550 2669 aedificata
565 2625 590 2669 et
605 2617 730 2670 instructa
746 2634 801 2669 esse
825 2615 914 2669 soleat.
933 2617 985 2668 sln
1011 2615 1051 2668 his
1067 2613 1131 2669 locis
1148 2616 1272 2668 introrsus
1293 2611 1400 2665 conati-

278 2716 289 2748 ιι
305 2707 412 2751 tuuntur
426 2700 482 2750 oeci
496 2699 595 2768 magni,
609 2699 637 2751 in
652 2699 744 2769 quibus
756 2696 1012 2752 matresfamiliarum
1023 2717 1083 2751 cum
1096 2697 1216 2751 lanificiis
1229 2694 1327 2748 lrabeat
1340 2710 1400 2748 set·

278 2778 389 2831 usiones
391 2817 438 2834 .....
456 2783 526 2833 Haec
539 2781 715 2851 pnrsaedificii
733 2783 911 2854 gynaeconitis
932 2779 1104 2852 appellatum
1123 2778 1271 2851 Opponitur
1289 2795 1394 2849 gynae-

274 2859 382 2916 conitidi
396 2861 495 2940 ondpon
505 2880 549 2913 seu
563 2864 711 2930 andronius,
720 2863 753 2915 de
764 2880 815 2936 qua
827 2861 963 2916 Vitruvius
973 2861 992 2915 l.
1007 2880 1044 2914 c.:
1060 2883 1071 2914 ιι
1082 2862 1175 2918 Graeci
1185 2861 1256 2913 enim
1268 2858 1402 2914 mrdronas

278 2939 436 3011 reppellant
450 2959 534 3006 oecos,
547 2942 592 2995 ubi
616 2944 738 2996 convivia
760 2943 845 2998 virilia
867 2942 951 2997 solent
969 2963 1040 3012 esse,
1056 2942 1128 3017 quod
1148 2961 1179 2996 eu
1201 2940 1324 2995 mulieres
1341 2959 1400 2995 non

276 3043 287 3074 ι
303 3021 455 3077 accedente
473 3022 574 3077 Scitum
590 3022 639 3076 suit
651 3025 778 3096 Diogenis
790 3026 883 3099 Cynici
900 3025 933 3079 de
949 3033 1056 3099 utraque
1073 3035 1145 3098 parte
1163 3022 1264 3077 aedium
1282 3021 1398 3087 dictum,

273 3103 343 3176 quod
360 3100 439 3158 refert
451 3103 582 3174 Diogenes
599 3099 726 3157 Laertius·
743 3109 832 3174 Quum
850 3107 922 3161 enim
949 3125 982 3159 ex
1006 3125 1048 3169 eo,
1070 3105 1261 3160 Lacedaemone
1278 3100 1400 3157 atheass

274 3184 405 3251 veniente,
417 3196 552 3255 quaereret
565 3184 667 3257 aliquis,
680 3185 751 3241 unde
764 3189 874 3254 veniret,
887 3206 938 3259 quo
949 3187 1081 3240 tenderet?
1096 3187 1237 3260 respondit:
1250 3185 1287 3238 Ex
1299 3182 1401 3239 andro-

271 3266 353 3320 nitide
371 3266 398 3318 in
410 3267 605 3338 gynaeconitin.

307 3350 350 3402 Vl.
368 3347 478 3403 Miltiad.
493 3349 537 3413 Vt,
551 3356 578 3412 3,
595 3358 753 3404 memoratur
767 3349 879 3420 Poecile,
894 3353 1006 3420 porticus
1028 3370 1074 3405 seu
1097 3362 1151 3405 stoa
1172 3351 1343 3414 Athenarum,
1366 3347 1400 3403 in

275 3447 325 3500 qua
339 3448 423 3501 pugna
436 3428 536 3503 depicta
550 3443 587 3484 est
605 3429 776 3495 Marathonia,
789 3432 825 3486 ita
837 3441 868 3485 ut
878 3432 907 3485 in
921 3432 1011 3486 decem
1023 3445 1172 3507 praetorum
1185 3450 1295 3487 numero
1308 3430 1401 3502 prima

271 3512 398 3566 Miltiadis
407 3515 492 3585 imago
505 3522 654 3586 poneretur,
667 3513 738 3584 isque
751 3513 900 3569 hortaretur
912 3514 1010 3571 milites
1022 3516 1199 3589 praeliumque
1208 3514 1401 3572 committerer.

270 3594 311 3648 Ad
325 3594 506 3649 illustrandum
520 3595 591 3650 bunc
605 3595 691 3649 locum
704 3594 771 3650 nibil
784 3606 868 3668 potest
884 3615 938 3650 esse
962 3597 1117 3654 luculentius
1135 3597 1220 3652 verbis
1238 3596 1279 3658 iis,
1297 3595 1400 3663 quibus

271 3696 329 3732 usus
343 3687 381 3730 est
395 3679 526 3733 Aeschines
536 3679 564 3733 in
577 3681 695 3732 oratione
706 3677 829 3732 adversus
840 3679 1047 3752 Ctesiphontem.
1058 3683 1123 3734 Vtar
1133 3680 1248 3732 versione
1261 3673 1400 3732 Lambini:

272 3779 283 3813 ι
299 3759 374 3816 Adite
382 3759 561 3833 igituranimis
569 3761 602 3815 ad
613 3762 745 3834 porticum
758 3761 891 3817 Poecilen!
905 3765 1024 3817 omnium
1032 3763 1104 3817 enirn
1111 3778 1197 3816 rerum
1205 3754 1401 3833 praeclararum

271 3864 282 3896 ι
300 3853 400 3898 exstant
411 3844 483 3899 vobis
502 3844 530 3899 iu
544 3845 601 3897 soro
624 3853 804 3898 monuments.
821 3844 891 3914 Quid
906 3846 983 3918 igitur
996 3856 1045 3910 est,
1058 3846 1243 3906 Athenienses,
1255 3838 1327 3913 quod
1345 3861 1401 3916 ego

272 3946 285 3977 s
303 3926 376 3981 dico?
389 3927 437 3980 Hic
454 3925 616 3982 Marathonia
629 3945 716 3999 pugna
730 3925 831 3999 depicta
844 3929 964 3998 estQuis
975 3939 1032 3982 erat
1044 3927 1199 4000 imperator?
1211 3922 1401 3982 -Neminem

271 4026 282 4058 ιι
296 4028 354 4063 sane
367 4019 481 4065 vestrum
495 4029 556 4064 esse
570 4020 647 4083 puto,
661 4009 773 4082 quinon
785 4011 820 4065 its
832 4018 934 4083 rogatus
948 4010 1109 4082 respondeat:
1131 4010 1273 4066 Miltiades.
1287 4012 1323 4063 As
1338 4007 1398 4064 illic

271 4096 282 4129 ⁸
297 4110 421 4162 nusquam
434 4094 488 4147 eius
500 4111 598 4147 nomen
609 4095 765 4164 inscriptum
776 4093 938 4164 est-Quid
949 4094 998 4147 its?
1011 4095 1070 4148 Non
1078 4094 1154 4165 petiit
1168 4094 1217 4148 hoc
1230 4095 1398 4166 praemium?

270 4191 281 4221 ιι
298 4201 329 4213 -
343 4175 420 4230 Petiit
434 4174 556 4247 quidem,
568 4175 613 4229 sed
624 4177 736 4248 populus
746 4195 799 4231 non
808 4175 888 4244 debs,-
898 4194 989 4231 verum
1002 4178 1028 4229 ei
1040 4196 1087 4248 pro
1098 4176 1395 4252 nominisinscriptione

267 4275 279 4308 s
297 4255 431 4324 noncessit,
441 4265 471 4312 ut
487 4257 589 4330 primus
601 4257 701 4315 milies
716 4258 854 4317 cohortem
868 4259 1055 4334 sugeremus
