3352 5572
645 462 752 535 ¹vrrs
1212 436 1265 534 15

124 690 262 773 ¹quum
286 668 416 772 paucis
442 666 679 771 perstrictam
706 663 886 743 habemus
901 727 911 764 ‚
929 666 1079 748 maioris
1097 698 1185 777 pars
1212 693 1269 755 est

144 784 360 879 voluminis,
374 788 415 861 in
430 810 507 886 quo
519 785 776 861 Romanorum
792 781 1051 895 compluriunp
1070 792 1168 867 vitae
1181 816 1268 870 con·

144 905 370 979 tinerentur.
388 901 559 1006 Reliquit
582 904 696 978 etiam
716 899 991 1006 Exemplorum
1010 898 1148 1000 libros,
1173 934 1268 1010 quos

141 1019 261 1095 citant
276 1019 422 1096 Gellius
439 1018 505 1094 lib.
523 1018 605 1111 Vll,
618 1045 700 1124 cap.
725 1021 784 1111 18,
803 1037 840 1094 et
853 1019 1041 1096 Charisius
1054 1018 1120 1099 lib.
1139 1027 1169 1100 l.
1184 1025 1269 1104 Alia

143 1162 301 1241 quoque
320 1136 486 1213 eiusdem
501 1135 660 1212 laudant
679 1152 845 1228 reteres3
865 1134 932 1213 sed
950 1164 1030 1215 non
1045 1140 1148 1234 item,
1169 1168 1267 1246 quae

142 1253 191 1329 ad
217 1253 409 1331 historiam
435 1254 693 1360 pertineant*
727 1255 819 1329 Nam
847 1280 895 1329 ex
920 1254 1081 1358 epistola
1110 1260 1268 1337 eiusad

141 1370 358 1446 Ciceronem
385 1369 570 1473 quaedam
596 1370 816 1444 Lactantius
844 1369 955 1473 affert
984 1369 1051 1450 lib,
1070 1373 1124 1447 III
1141 1376 1264 1455 Iustit.

139 1486 309 1565 Divinar.
328 1508 411 1590 cap.
433 1491 490 1563 15.
510 1485 837 1584 Quemadmodum
858 1502 897 1563 et
912 1476 1106 1566 Ciceronis
1126 1492 1175 1567 ad
1188 1495 1264 1570 Ne-

138 1620 269 1708 potem
283 1604 465 1711 epistolae
479 1607 651 1681 meminit
668 1603 918 1708 Tranquillus
936 1608 976 1680 in
989 1606 1088 1683 Iulio
1104 1636 1186 1714 cap.
1202 1610 1265 1712 55,
1307 1610 1310 1615 “

139 1721 358 1801 Ammianus
376 1721 621 1799 Marcellinus
637 1724 747 1799 initio
765 1721 854 1798 libri
874 1724 1009 1816 xxvi,
1044 1752 1089 1801 ac
1107 1728 1265 1806 Priscia-

139 1861 213 1914 nus
230 1837 296 1915 lib.
317 1841 413 1916 VIII.
445 1841 527 1915 Imo
553 1858 592 1916 et
620 1836 830 1918 secundum
856 1840 1049 1917 Ciceronis
1075 1845 1259 1945 epistola·

35 2048 39 2055 ι
139 1979 226 2030 rum
245 1955 386 2030 librum
415 1955 465 2030 ad
489 1959 673 2062 Nepotem
700 1957 917 2032 Macrobius
942 1959 1034 2033 citat
1054 1959 1119 2037 lib.
1146 1961 1263 2038 ttsa·

139 2072 281 2148 turnal.
298 2099 381 2178 cap.
405 2098 434 2146 t.
455 2073 568 2166 Quod
586 2077 615 2150 si
633 2076 716 2176 quis
733 2073 940 2176 fragmenta
960 2080 1085 2150 omnia
1104 2079 1262 2182 Nepotis

140 2189 353 2280 desideret,
378 2188 490 2290 longe
523 2191 567 2265 iis
593 2189 816 2292 colligendis
841 2192 1014 2292 priorum
1041 2195 1131 2270 vicit
1154 2193 1262 2270 iudu-

139 2311 267 2382 striam
287 2304 456 2382 Andreas
475 2305 665 2383 Schottus.
691 2305 916 2382 Hermolaus
928 2307 1132 2400 Barbarus,
1154 2313 1262 2387 casti·

139 2424 349 2528 grationibus
367 2427 408 2500 in
425 2423 540 2500 Plinii
556 2423 623 2500 lib.
642 2424 727 2513 XV,
747 2447 829 2525 cap.
850 2419 911 2522 alp,
932 2440 1074 2518 censet,
1087 2424 1261 2504 libellum

137 2541 187 2617 de
205 2544 294 2619 viris
320 2539 553 2633 illustribus,
583 2541 651 2641 qui
669 2535 796 2615 Plinio
818 2540 937 2615 tribui
959 2539 1076 2633 solet,
1093 2541 1260 2620 Cornelii

137 2659 294 2765 Nepotis
324 2682 423 2748 esse,
441 2656 544 2730 haud
563 2654 696 2746 Plinii3
724 2671 840 2759 atque
859 2656 901 2731 id
925 2656 1115 2735 veteribus
1148 2658 1260 2736 codd.

136 2775 281 2852 adstrui
317 2799 426 2877 posse
455 2789 651 2849 asseverat.
687 2775 811 2847 Etiam
840 2775 921 2847 lani
948 2775 1042 2850 haec
1071 2776 1260 2852 Parrhasii

135 2893 322 2966 sententie
340 2888 426 2966 fuit.
445 2890 574 2965 Vtrius
591 2890 651 2979 sit,
669 2886 836 2963 dubitari
866 2891 917 2963 ait
936 2891 1108 2980 Vinetus,
1123 2917 1195 2966 nec
1215 2918 1258 2969 ea

135 3008 184 3082 de
208 3035 251 3084 re
276 3024 442 3084 statuere
467 3005 678 3111 quidquam
698 3032 809 3082 ausus
829 3021 895 3081 est.
925 3011 1005 3083 lmo
1032 3007 1258 3113 aliqui,aut

133 3125 380 3218 Suetonium,
400 3141 467 3201 aut
484 3125 657 3199 Taciturn
693 3148 771 3199 esse
803 3138 1020 3216 auctorem,
1036 3142 1225 3228 putarunt
1246 3155 1256 3200 s

134 3251 176 3318 ul
191 3243 336 3319 indicat
363 3241 576 3346 Gyraldus,
603 3237 823 3343 dialogismo
839 3242 974 3316 XXVI.
1003 3239 1080 3316 Sed
1098 3245 1255 3319 omnino

133 3381 220 3440 sunt
240 3363 341 3440 Sexti
360 3360 506 3438 Aurelii
525 3361 707 3451 Victoris,
736 3377 779 3434 ut
805 3361 892 3434 satis
912 3386 1016 3437 nunc
1043 3378 1258 3438 constater

166 3663 332 3732 (t)'1'itsius,
347 3663 374 3716 in
393 3663 609 3732 Introductpsg.
624 3668 666 3730 ⁴9,
719 3659 895 3732 Geograplrics
923 3658 1051 3730 quaedam
1078 3657 1109 3710 ab
1137 3656 1184 3711 illo
1199 3676 1254 3712 esse

132 3736 194 3802 itaer
201 3749 300 3804 scribit:
320 3770 331 3801 u
342 3748 518 3805 consideranti
526 3748 668 3816 fragmenta
718 3748 881 3814 concinnata3
890 3745 990 3797 sicutex
1002 3743 1059 3795 aliis
1073 3740 1254 3810 concluserim,

131 3837 261 3904 scriptoris
275 3835 366 3900 nostri,
383 3833 428 3885 itta
443 3833 589 3904 praecipue,
602 3848 666 3900 quae
719 3829 752 3883 de
766 3827 970 3899 Antiquitatibus
992 3825 1120 3897 peculiare
1137 3826 1253 3879 eiusdem

131 3935 162 3969 ex
186 3917 264 3970 Plinii
292 3916 398 3970 maioris
420 3916 530 3969 Historia
557 3912 666 3967 naturali
719 3912 849 3983 quoddam
872 3912 1016 3964 extitissent
1043 3910 1084 3963 Ab
1109 3909 1156 3964 hac
1172 3910 1253 3964 'riuti

130 4001 274 4072 conquisita
288 4011 358 4066 suut,
371 4000 550 4055 observabitur
562 3999 666 4051 fortasse
718 3996 844 4049 sententia
862 4013 889 4047 se
914 4011 965 4046 non
983 3994 1096 4047 alienum
1118 3995 1253 4065 profitetur

129 4103 232 4138 mecum
242 4124 252 4148 ,
269 4087 298 4138 C.
320 4085 449 4155 Nepotem
466 4083 542 4154 plura
563 4081 666 4152 insuper
717 4096 806 4131 recens
820 4078 913 4145 editum
931 4080 976 4149 qui
986 4076 1092 4132 conficit
1108 4096 1139 4132 ex
1152 4078 1249 4143 Plinio,

128 4168 341 4240 operaredidisse,
355 4186 467 4240 quorum
479 4165 569 4221 titulos
586 4166 665 4220 etiam
716 4164 799 4235 Epist.
814 4164 849 4227 V,
863 4164 1126 4236 3,Poiiticenqucque
1136 4164 1249 4236 attigisse

127 4253 285 4323 ignoramus.
319 4255 439 4324 Namque
464 4263 550 4325 aperte
570 4252 664 4305 docent
715 4249 876 4306 Cornelium.

129 4337 228 4397 borum
242 4341 449 4412 fragmentorum
469 4337 660 4411 complusctda,
