3352 5572
148 496 153 505 -
258 473 336 560 24
607 459 787 525 uorrru
811 455 1091 522 mmanu-
1161 514 1167 526 .

322 669 429 749 Libri
445 667 698 774 Epistularum
729 662 777 741 ad
794 602 1042 756 Ciceronem,
1064 686 1228 764 quornm
1247 667 1395 773 primns

272 794 411 868 citetur
427 817 448 865 a
467 787 662 864 Lactantio
680 784 746 878 III,
770 781 826 859 15.
847 779 1171 880 Quemadmodum
1190 799 1230 859 et
1246 786 1395 867 Cicero·

270 913 329 988 nis
344 907 392 984 ad
410 909 597 1011 Nepotem
611 899 796 1003 Epistulas
815 917 1112 1022 commemprant
1128 903 1332 984 Suetonius
1347 909 1391 984 in

270 1030 428 1106 Caesare
454 1050 537 1129 cap.
564 1019 626 1120 55,
640 1017 871 1127 Macrobius,
890 1021 1057 1119 itemque
1076 1015 1150 1093 alii.

320 1150 367 1222 Iu
392 1138 531 1219 Catulli
553 1138 724 1216 versibus
741 1137 790 1214 ad
805 1139 1006 1240 Nepotem,
1025 1140 1187 1232 «Quum
1207 1165 1321 1218 ausus
1340 1169 1390 1242 es,

270 1286 371 1342 unus
384 1255 581 1356 Italorum,
597 1254 721 1331 Omne
734 1281 865 1332 aevum
880 1255 1002 1331 tribus
1015 1252 1206 1358 explicare
1216 1255 1355 1334 chartis
1367 1292 1393 1329 >s

262 1373 386 1457 ¹Petro
404 1378 561 1454 Possino
590 1375 632 1452 in
654 1375 754 1450 notis
783 1372 831 1449 ad
850 1373 1004 1450 Nicetae
1021 1374 1130 1448 Orat.
1148 1370 1197 1448 de
1214 1370 1392 1463 laudibus

271 1497 334 1574 SS.
354 1488 678 1597 Archangelorum
699 1517 787 1594 pag.
812 1486 874 1592 59,
899 1516 997 1564 unus
1023 1487 1174 1566 videtur
1192 1490 1292 1567 idem
1311 1519 1390 1571 osse

272 1610 379 1718 quod
402 1609 566 1714 primm,
586 1606 746 1713 perinde
762 1623 819 1683 ‘ut
847 1605 949 1711 apud
981 1606 1174 1682 Hebraeos
1200 1609 1391 1686 interdum

271 1726 411 1818 estad,
430 1744 471 1803 et
502 1723 604 1830 apud
621 1726 787 1800 Graecos
815 1713 870 1808 εἷς.
898 1719 973 1797 Sed
1002 1723 1032 1796 si
1060 1723 1203 1826 primus
1231 1722 1305 1800 fuit
1323 1722 1391 1803 illo

272 1859 444 1949 tempore
463 1845 602 1949 Nepos,
622 1844 688 1944 qui
708 1839 750 1932 id
768 1866 881 1916 ausus
898 1856 972 1936 est,
992 1838 1100 1916 facile
1121 1843 1245 1938 etiem,
1272 1869 1391 1945 quum
1459 1886 1469 1905 ·

161 1980 165 1987 '
273 1959 447 2039 Catullus
460 1959 655 2050 scriberet,
674 1955 777 2035 solus
794 1983 874 2032 esse
891 1958 1044 2061 potuit:
1071 1955 1278 2063 alloquitur
1286 1960 1392 2034 euim
1447 2011 1450 2015 ‡

271 2077 441 2155 Catullus
461 2104 547 2152 eum
566 2084 611 2153 ut
629 2072 835 2176 aequalem.
859 2072 980 2177 Magis
1000 2071 1125 2178 placet
1141 2079 1387 2178 praestantis·

183 2274 196 2293 ,
272 2197 357 2273 simi
385 2196 458 2271 riri
484 2195 537 2268 Io.
565 2192 721 2270 Antonii
752 2190 882 2296 Vulpii
911 2194 1152 2289 coniectura,
1188 2193 1256 2297 qui
1274 2194 1391 2270 entus

272 2305 414 2390 ctara's
437 2303 843 2416 interpretatur‘libris
871 2334 953 2385 non
975 2308 1096 2386 tribus
1113 2311 1306 2415 praecise,
1324 2309 1390 2387 sed

120 2420 131 2435 ’
273 2429 422 2534 paucis,
447 2427 510 2504 vel
529 2426 721 2506 brevibus.
749 2425 866 2525 Vide,
895 2426 926 2503 si
952 2422 1091 2531 placet,
1117 2429 1198 2505 eius
1215 2444 1323 2506 notes
1342 2425 1390 2504 ed

275 2542 476 2622 Catullum.

326 2777 577 2882 Fragmenta,
602 2793 641 2854 et
659 2764 715 2854 de'
725 2777 920 2855 &natue
938 2781 1069 2855 matris
1091 2778 1341 2857 Gracchorum

409 2947 420 2968 .
555 2894 725 2998 Epistola
742 2896 798 2970 ad
818 2894 860 2971 C.
891 2893 1113 2976 Gracchum.

327 3129 551 3231 Fragmenta
578 3128 731 3234 Nepotis
764 3125 812 3203 ab
837 3127 988 3207 Andrea
1009 3131 1393 3237 Schotto'diligenter
1467 3152 1470 3160 '

275 3240 447 3337 collecte,
466 3260 577 3348 atque
596 3242 686 3320 inde
708 3247 748 3320 in
768 3243 961 3353 plerisque
978 3246 1144 3324 Cornelii
1164 3249 1393 3328 editionibus

146 3412 151 3435 t
275 3388 408 3441 recusa
424 3371 532 3460 sunt,
551 3363 689 3468 quibus
706 3368 962 3444 subiiciuntur
979 3368 1129 3444 etiame
1154 3372 1272 3444 veteri
1292 3368 1393 3444 libro

273 3476 456 3560 Abbatiae
471 3480 676 3561 Fesulanae
693 3502 731 3559 et
748 3483 869 3562 altero
888 3485 1106 3560 Britannico
1124 3514 1195 3591 per
1210 3486 1298 3559 Ant.
1318 3488 1391 3564 Au·
1463 3487 1472 3497 ’

275 3604 468 3704 gostinum
494 3616 532 3677 ct
558 3602 632 3686 Iac,
652 3601 898 3705 Bongarsium
928 3605 970 3677 Α.
996 3601 1154 3678 Schotto
1176 3605 1391 3682 transmissa

275 3718 485 3820 fragmenta
511 3715 587 3794 duo
615 3745 662 3794 ex
688 3719 857 3823 Epistola
883 3716 1103 3808 Corneliae,
1133 3720 1334 3797 virtutibus
1354 3741 1393 3798 et

275 3830 494 3939 eloquentia
518 3835 741 3913 clarissimae
760 3835 945 3926 feminae,
971 3863 1069 3943 quae
1089 3836 1274 3944 Scipionis
1291 3837 1392 3915 Afri·

277 3953 362 4029 cani
389 3949 505 4044 filiast
535 3952 679 4032 Tiberii
697 3953 861 4030 Gracchi
882 3951 1058 4032 Censoris
1077 3981 1184 4055 uxor,
1202 3959 1391 4036 Graccho·

310 4158 353 4226 (t)
377 4153 561 4225 Qulutiliruus,
581 4155 627 4214 lib.
647 4161 670 4226 1,
690 4171 750 4232 cup.
775 4164 807 4212 t:
860 4168 939 4226 trem,
952 4161 1024 4216 cuiue
1040 4160 1201 4216 doctissimus
1216 4161 1337 4216 sermoiu
1346 4181 1392 4236 po·

279 4240 476 4299 rGrrcclrerum
507 4241 666 4316 eloquentiae
696 4245 808 4299 multum
859 4253 940 4300 steros
953 4245 1393 4321 quoqncestEpistolistradituuet

276 4327 413 4387 contulisse
429 4329 573 4404 accepimus
586 4328 733 4388 Corneliam
752 4349 808 4386 me·
859 4331 941 4388 Laelii
954 4331 1008 4390 tilia
1021 4330 1160 4390 reddidisse
1170 4331 1198 4389 in
1209 4330 1339 4407 loquendo
1349 4352 1392 4410 pe·
