3352 5572
471 475 570 575 388
734 496 738 508 ’
797 508 855 575 ιο.
889 500 1020 570 ursa.
1055 499 1275 571 sentuoso

467 727 488 764 a
503 726 557 782 qne
572 708 684 765 obsoleti
692 729 704 776 ς
726 709 764 764 sie
779 707 844 765 olim
863 709 931 783 epod
945 708 1117 766 Athenienses
1131 707 1213 765 inisse
1225 704 1377 778 repetimus.
1401 720 1414 757 s
1432 703 1518 759 Aurea
1535 711 1603 760 sunt

467 789 534 846 bsee
548 791 628 848 verbs
640 791 738 859 lectori,
755 794 803 864 qni
815 793 974 848 Grseoomrn
992 800 1019 846 et
1031 794 1207 847 Romanorum
1224 787 1387 860 aliarumque
1400 786 1520 860 gentium
1543 806 1601 844 uo-

468 875 518 929 snit
541 873 694 942 historiam,
710 884 737 930 et
758 874 805 947 qui
829 876 960 931 incensus
982 873 1092 948 inquirit
1107 882 1223 928 seruatae
1240 870 1307 940 apud
1332 869 1395 924 aiios
1418 869 1601 942 integritatis,

467 953 538 1028 apud
552 953 617 1010 alios
636 955 689 1010 eito
704 965 854 1011 consecutae
869 956 1059 1028 depravationis
1075 971 1189 1009 mamm.
1207 950 1306 1005 Laudat
1326 953 1447 1024 Agesilai
1463 951 1597 1021 pietatem

468 1038 532 1088 M:
554 1053 566 1087 a
584 1035 636 1106 Qui
651 1055 710 1091 enm
727 1035 818 1092 victori
835 1047 964 1108 praeesset
980 1038 1120 1102 exercitui,
1136 1033 1335 1105 maximamque
1348 1031 1453 1086 hubam
1467 1029 1601 1085 fiduciam

455 1112 486 1170 'a
504 1118 582 1190 regui
600 1119 736 1172 Persarum
753 1118 883 1190 potiundi,
901 1127 971 1173 tanta
986 1117 1113 1174 modestia
1129 1115 1200 1171 dieto
1216 1115 1324 1169 audiens
1340 1113 1391 1169 suit
1405 1113 1478 1167 iussis
1493 1113 1600 1168 abstru-

470 1214 484 1250 s
503 1199 572 1252 tium
583 1201 791 1272 magistratuum,
809 1210 839 1254 nt
855 1201 877 1258 si
894 1200 1009 1272 privatus
1025 1201 1054 1254 in
1067 1200 1176 1253 comitio
1191 1202 1258 1254 esstt
1274 1198 1391 1268 Spartse3
1407 1214 1419 1248 s
1433 1203 1460 1250 et
1476 1194 1598 1250 subinn-

466 1278 524 1350 git:
538 1279 614 1336 Cuius
624 1283 764 1354 exemplam
775 1287 872 1336 minam
888 1288 1052 1352 imperotores
1067 1287 1146 1335 sionei
1161 1285 1230 1353 sequi
1245 1279 1397 1333 eolrsissem
1417 1281 1485 1332 Hsee
1500 1278 1600 1345 verba,

464 1379 532 1432 quae
548 1364 647 1419 iusttsm
663 1364 714 1421 viri
731 1364 794 1419 boni
812 1364 931 1418 dolorem
947 1384 962 1418 e
979 1364 1171 1437 perturbatione
1187 1364 1285 1436 patriae
1306 1372 1460 1434 ooneeptum
1477 1363 1595 1417 manile·
1625 1420 1631 1431 ,

464 1453 545 1510 stent,
563 1434 650 1519 aperte
663 1448 805 1518 respiciunt
821 1445 854 1501 ad
864 1448 894 1500 L.
903 1445 1005 1519 Syllam
1017 1487 1025 1514 ,
1044 1448 1091 1520 qui
1112 1448 1212 1518 primus
1230 1445 1366 1510 omnium,
1383 1454 1409 1498 et
1432 1444 1464 1498 sd
1490 1444 1598 1500 lulium

466 1529 604 1584 Caesarem
612 1566 622 1596 ,
633 1530 680 1602 qui
696 1531 813 1600 sequenti
826 1538 944 1600 tempore
960 1530 1103 1585 exercitum
1120 1533 1286 1597 Romanum,
1303 1531 1345 1583 tui
1360 1527 1483 1600 praefecti
1496 1536 1598 1594 erant,

463 1617 571 1665 vetante
587 1622 689 1678 senatu,
707 1610 828 1666 adversus
847 1611 938 1666 urbem
956 1615 1065 1666 Romam
1082 1611 1221 1666 duxersmt.
1238 1613 1347 1666 Possent
1370 1611 1449 1664 etiam
1465 1608 1598 1691 applicari

463 1691 669 1758 motorium,
686 1695 740 1765 qni,
757 1712 817 1748 cnm
840 1696 980 1749 exereitus
996 1702 1088 1748 senatu
1109 1697 1203 1748 missus
1220 1703 1307 1747 oontm
1331 1691 1494 1756 Antonium,
1512 1692 1598 1762 paulo

463 1782 523 1844 post
540 1792 613 1828 anns
636 1775 759 1829 adversus
770 1785 889 1830 senatum
900 1776 1039 1846 convertit;
1055 1776 1078 1828 si
1091 1775 1155 1829 certi
1168 1793 1282 1829 essemus
1298 1773 1331 1828 de
1344 1792 1423 1838 anno,
1437 1791 1489 1846 quo
1500 1772 1597 1845 Nepos

462 1857 531 1912 vitas
547 1855 728 1912 saoelientinm
751 1857 939 1930 imperatorum
956 1859 1117 1930 conscripsit.
1140 1861 1179 1912 De
1198 1857 1359 1931 ttuasstato
1386 1873 1480 1928 agens,
1493 1873 1597 1928 ‘qum

463 1937 579 1993 Atbenas
595 1937 706 1993 liberare
722 1957 855 2011 aggressae
871 1932 947 2005 easbt,
959 1939 1046 2014 inquit
1056 1939 1191 1993 Cornelius
1205 1959 1259 2012 esp.
1272 1945 1299 1993 2:
1317 1939 1427 2010 sNeque
1440 1946 1529 1990 tamen
1544 1955 1596 2009 pru

468 2036 482 2072 s
500 2020 624 2092 opinione
638 2020 797 2094 Thrasybuli
810 2032 899 2077 suetae
911 2032 971 2077 sunt
984 2041 1053 2094 opes.
1067 2022 1134 2075 Nam
1150 2025 1202 2075 iam
1219 2035 1270 2074 mm
1283 2020 1336 2076 illis
1354 2018 1515 2092 temporibus
1529 2018 1596 2072 sor-

466 2118 478 2152 s
498 2102 551 2154 tine
563 2100 626 2156 boni
641 2120 691 2174 pro
708 2100 826 2157 libertate
847 2101 1027 2175 loquebantur,
1041 2121 1120 2176 quarn
1139 2102 1297 2175 pugnabant.
1311 2122 1323 2154 s
1342 2101 1441 2155 Dolens
1455 2107 1594 2171 comparat

465 2191 555 2237 auctor
572 2201 619 2237 sua
634 2184 715 2255 ipsine
730 2192 850 2255 tempora
865 2201 926 2237 eum
943 2183 1011 2250 illis,
1033 2184 1127 2257 quibus
1146 2184 1282 2248 Atbense,
1302 2194 1412 2256 quatuor
1427 2181 1482 2235 iere
1495 2178 1593 2235 seculis

466 2272 539 2325 ante.
557 2267 657 2320 ubtem
674 2264 723 2318 sab
743 2266 850 2337 triginta
863 2267 982 2339 tyrannia
998 2269 1150 2322 servitutem
1167 2266 1305 2320 subierant.
1322 2264 1387 2334 Quia
1400 2264 1471 2319 enim
1485 2264 1593 2328 nescit,

464 2341 511 2398 ilia
525 2345 613 2414 verbs,
628 2346 731 2401 Fortius
746 2348 806 2401 loni
813 2367 862 2419 pro
877 2349 992 2403 libertam
1006 2349 1175 2421 loquebantur,
1190 2366 1265 2419 qaam
1273 2347 1427 2420 pegasium,
1439 2345 1509 2399 inter
1520 2343 1595 2399 mni·

464 2431 507 2480 tos
524 2426 588 2482 alios
604 2427 634 2482 in
647 2428 731 2500 ipsum
744 2429 907 2500 Ciceronem,
920 2430 1056 2503 egregiam
1072 2428 1188 2502 alioquin
1205 2429 1303 2495 duem,
1320 2425 1485 2483 convenire?

495 2512 568 2564 'Haec
582 2521 609 2565 et
621 2509 670 2564 alia
686 2510 749 2565 satis
764 2530 893 2585 superque
909 2511 1053 2577 declarant,
1069 2512 1092 2566 si
1106 2511 1331 2594 argumentatione
1350 2528 1415 2582 opus
1431 2518 1497 2563 esset
1512 2507 1544 2564 in
1561 2529 1593 2565 aa

464 2594 591 2659 oonleota,
609 2595 703 2649 vixisse
715 2605 846 2649 auctorem
864 2594 941 2649 buius
952 2593 1031 2661 libri,
1048 2594 1165 2667 Pompeii
1179 2605 1204 2648 et
1225 2594 1350 2662 Csesaris,
1369 2594 1477 2648 Antonii
1490 2603 1518 2647 et
1532 2594 1593 2650 Oe-

465 2674 529 2729 tavii
543 2685 635 2740 setate,
648 2685 675 2729 et
692 2695 745 2730 esse
763 2675 896 2743 eumdem,
912 2677 958 2748 qui
971 2678 1051 2732 vitam
1065 2677 1203 2748 Pomponii
1218 2677 1301 2731 Antei
1313 2675 1472 2747 oonsesipsit.
1492 2676 1592 2731 Deoia·

464 2763 526 2809 mut
539 2754 610 2809 idem
625 2774 804 2830 quaecumque
821 2756 930 2813 subinde
943 2758 972 2811 in
988 2756 1037 2812 boe
1051 2756 1125 2824 libro,
1139 2768 1168 2813 ut
1180 2760 1208 2812 in
1222 2758 1379 2829 praelatione
1396 2766 1423 2811 et
1439 2757 1468 2810 in
1484 2756 1593 2827 Epami·

464 2832 563 2900 nonde,
575 2835 609 2890 de
622 2837 738 2893 moribus
751 2839 928 2892 Romanorum
941 2849 1093 2906 monentur,
1107 2857 1171 2909 quae
1180 2839 1268 2893 omnia
1278 2839 1306 2893 in
1314 2838 1432 2894 Caesaris
1441 2845 1467 2892 et
1478 2837 1593 2909 Augusti

464 2925 576 2972 aetatem
589 2918 729 2991 quadrant.

498 2998 580 3055 Plane
596 3000 712 3056 diversus
735 3000 805 3056 liber
817 3014 854 3057 est
867 3021 881 3056 a
894 3003 957 3058 sitis
977 3005 1163 3076 imperatorum
1183 3003 1235 3059 vita
1252 3001 1344 3070 Attici,
1360 3001 1421 3059 lieet
1432 3001 1469 3081 'sb
1494 3001 1592 3058 eodem

463 3094 569 3142 auctore
586 3086 739 3159 oonsoripta.
765 3088 863 3142 Merito
884 3086 1001 3143 laudatur
1017 3089 1081 3143 baec
1100 3090 1134 3143 ab
1156 3088 1277 3144 omnibus
1300 3089 1335 3143 ob
1352 3086 1545 3161 ingenuitatem
1562 3098 1592 3144 et

464 3167 500 3221 ob
516 3177 599 3222 artem
611 3168 776 3241 singularem,
793 3187 845 3242 qna
857 3169 973 3225 bominis
990 3171 1095 3242 privati,
1108 3189 1122 3224 a
1139 3173 1251 3242 strepitu
1268 3189 1403 3226 armornm
1416 3178 1443 3225 et
1458 3167 1491 3223 ab
1504 3169 1592 3226 bono·

462 3250 536 3305 ribus
551 3251 641 3316 alieni,
658 3253 766 3306 virtutes
779 3263 949 3324 exponuntur3
962 3263 1000 3308 est
1013 3263 1101 3308 tamen
1115 3270 1305 3326 nonnunquam
1322 3251 1454 3309 ementior
1479 3251 1514 3306 ob
1536 3270 1591 3308 ne·

466 3332 624 3406 gligentiam
638 3333 666 3388 in
679 3343 799 3406 tempore
810 3334 944 3390 notando..
952 3333 1088 3388 Soribendi
1105 3336 1171 3388 ratio
1189 3344 1316 3391 monstrat
1340 3345 1470 3392 auctorem
1483 3353 1592 3392 summa

463 3414 624 3476 bumanitsts
640 3427 667 3472 et
679 3417 817 3492 prudentia
832 3416 989 3491 praeditum,
1006 3419 1171 3492 amicumque
1187 3430 1349 3478 constantem
1361 3432 1388 3477 et
1401 3420 1550 3478 amabilem.

659 3581 711 3643 ΠΙ.
729 3582 958 3647 Observationes
972 3583 1103 3647 criticae
1124 3595 1154 3646 et
1165 3583 1389 3668 philologieae.

498 3730 656 3802 speciminis
680 3730 738 3788 loon
761 3732 828 3788 dsbo
850 3726 1042 3791 observationes
1066 3731 1189 3807 quasdam
1206 3733 1326 3800 criticas,
1343 3728 1515 3803 antinomias,
1538 3729 1589 3786 bi·

460 3810 585 3876 dorlon,
598 3827 628 3864 ea
644 3819 746 3867 tantum
763 3811 897 3885 deligens,
915 3833 980 3888 quse
997 3813 1063 3869 scitu
1080 3813 1192 3870 iucunda
1213 3823 1239 3868 et
1265 3813 1358 3880 utilis,
1375 3830 1441 3884 quae
1463 3806 1590 3867 ulteriori

462 3889 639 3965 dbquisitinni
649 3904 708 3964 apta
726 3894 857 3951 videntur.
875 3896 988 3951 sienim
1005 3898 1102 3961 omnia,
1115 3914 1179 3969 quse
1197 3894 1229 3948 ad
1246 3894 1309 3950 baec
1322 3897 1406 3967 oapita
1422 3893 1513 3947 releeri
1526 3911 1590 3964 poa·

461 3984 536 4107 supt,
546 3974 695 4031 examinare
709 3979 882 4046 instituerem,
897 3998 951 4034 non
960 3998 1043 4035 essem
1056 3979 1275 4048 dissertationem,
1289 3977 1335 4034 sed
1347 3977 1445 4031 iustum
1459 3974 1589 4032 volumen

459 4070 491 4105 ex
512 4054 630 4111 ibitums.

495 4137 518 4190 1.
532 4138 640 4194 Attente
653 4139 768 4212 legentes
781 4143 952 4212 Cornelium,
970 4147 1072 4200 laamas
1084 4146 1112 4198 ia
1126 4160 1157 4197 eo
1170 4143 1342 4200 observabant
1358 4138 1437 4203 duas,
1454 4137 1516 4193 tices
1532 4157 1588 4197 nee

460 4215 491 4273 h
503 4218 636 4275 oodicibus
648 4240 698 4278 nse
714 4225 742 4279 iu
756 4225 871 4281 editione
885 4227 1008 4299 principe,
1026 4238 1053 4283 et
1069 4227 1100 4280 iis
1113 4244 1178 4297 quae
1191 4227 1336 4282 subsecutae
1347 4231 1417 4288 sunt,
1429 4219 1515 4278 ullum
1529 4242 1588 4279 no-

459 4304 531 4358 sesne
543 4317 633 4360 samm
646 4305 914 4379 vestigim-l’rima,
926 4326 1005 4382 quam
1019 4311 1073 4371 ism
1088 4308 1237 4384 observssit
1252 4305 1407 4387 bobium,
1423 4315 1462 4364 sat
1482 4306 1513 4367 lo
1530 4309 1588 4369 visa
