3352 5572
280 374 376 501 432
741 404 960 472 rxovnsrs·

278 611 342 684 legit
353 608 459 684 gladii)
474 609 604 665 atrocitate
618 610 704 683 priore
721 608 791 664 bello
808 607 959 674 terribilius,
979 607 1049 680 quod
1065 608 1212 664 uberrimus
1231 609 1405 671 historiam

275 693 385 765 scriptor
397 693 485 747 Livius
502 692 592 746 decem
611 693 718 766 integris
730 692 803 747 iibris
816 690 998 762 copiosissime3
1012 691 1139 762 Polybius
1151 691 1213 747 item
1235 694 1303 748 bona
1323 708 1404 768 parte

276 776 330 831 sius
343 777 438 844 operis,
453 774 521 845 quod
536 774 614 828 bodie
626 775 701 828 uobis
718 775 866 846 reliquum,
887 772 1018 844 Appianus
1041 773 1141 827 iberica
1164 783 1192 828 et
1212 777 1404 849 manuatim

276 855 426 911 Plutarchus
440 855 530 922 Fabio,
543 855 680 922 Marcello,
697 866 724 909 st
737 854 851 909 Aemilio
866 853 957 918 Paulo,
983 857 1043 910 satis
1060 857 1171 928 copiose,
1191 857 1275 913 Silius
1293 858 1404 916 Italicus

274 957 320 992 suo
334 937 450 991 carmine
467 937 598 1010 praeclare
623 939 749 1010 persecuti
768 946 837 991 sunt.
854 937 959 991 brevius
971 935 1042 990 idem
1055 937 1172 992 scribunt
1186 939 1278 993 Florus
1299 939 1349 996 iib.
1363 943 1401 1006 11,

276 1036 332 1088 cap.
348 1024 375 1083 63
390 1021 420 1072 C.
434 1018 518 1088 Nepos
529 1018 572 1072 bic
586 1021 614 1072 in
625 1021 679 1072 vita
689 1015 850 1084 Hannibalis,
860 1019 959 1069 Auctor
968 1015 1000 1069 de
1015 1017 1086 1090 Viris
1099 1018 1241 1073 illustribus
1253 1019 1406 1074 Hannibale

275 1109 301 1153 et
314 1097 442 1169 Scipione5
458 1101 596 1171 Eutropius
613 1102 727 1153 maxima
743 1109 814 1170 parte
839 1097 876 1151 lib
900 1101 945 1168 1113
962 1099 1070 1154 Orosius
1089 1099 1134 1154 tib.
1156 1101 1201 1167 Vi,
1218 1119 1273 1172 cap.
1299 1107 1351 1168 tt,
1373 1113 1405 1156 et

276 1185 392 1255 quinque
408 1201 483 1255 seqq.
496 1184 537 1238 Ne
549 1183 612 1255 quid
627 1182 659 1236 de
673 1183 704 1235 iis
717 1182 812 1246 dicam,
834 1181 880 1252 qui
896 1181 1006 1252 sparsim
1023 1182 1093 1236 idem
1108 1184 1251 1253 attingunt.
1267 1186 1403 1240 Emstius.

277 1265 389 1320 Miratur
406 1265 533 1330 Errastius,
546 1266 674 1336 Nepotem
690 1283 763 1334 reges
780 1280 884 1316 vocure
895 1264 1000 1316 suffetes
1011 1266 1024 1332 (
1035 1263 1112 1333 idque
1128 1267 1269 1336 improprie
1286 1267 1403 1333 iactum,

276 1346 355 1400 etiam
369 1345 506 1401 Salmasius
522 1347 640 1400 censebat
655 1348 679 1414 ),
694 1346 890 1417 suspicatusque
917 1363 977 1398 cum
994 1344 1132 1416 scripsisse,
1148 1356 1193 1399 sut
1207 1348 1318 1402 scribere
1343 1369 1403 1402 vo-

276 1426 365 1494 luisse,
372 1439 507 1500 praetores.
525 1430 608 1498 Atqui
619 1427 689 1481 bunc
705 1428 847 1480 marimum
864 1425 1115 1497 Carthaginiensium
1126 1427 1299 1499 magistratum
1313 1431 1401 1484 etiam

274 1507 365 1560 Gracci
376 1508 499 1579 βασιλίας
513 1516 615 1575 vocant,
628 1508 775 1561 Aristotilss
788 1508 894 1561 Potitio.
908 1508 945 1571 li,
963 1515 1004 1572 tt;
1030 1504 1156 1572 Polybius
1172 1508 1218 1572 111,
1235 1514 1279 1571 33,
1300 1518 1328 1562 et
1345 1511 1401 1575 vt,

277 1595 322 1654 ts,
336 1589 389 1642 aiii.
405 1590 487 1661 Reges
509 1591 588 1644 etiam
612 1589 658 1643 aiii
679 1591 840 1643 Latinorum.
865 1589 978 1642 lustinus
1002 1587 1088 1652 xxti,
1107 1594 1133 1652 7,
1158 1593 1185 1655 7,
1201 1589 1333 1643 Bomilcar
1349 1608 1401 1644 re:

277 1676 429 1729 Poenontm.
446 1674 555 1729 Orosius
568 1675 616 1737 Vi,
629 1680 655 1736 6,
669 1673 761 1726 Imilco
771 1691 819 1726 rea
832 1670 984 1726 Poenorum.
1000 1669 1099 1724 Bosius.

308 1834 379 1886 Caro
395 1835 417 1898 1,
434 1850 460 1904 p.
476 1838 535 1888 306.
548 1835 585 1886 Ex
597 1851 669 1886 staro
682 1851 826 1886 rasrerross
840 1833 961 1885 Comaru
974 1831 1093 1886 Nsrorts.
1102 1831 1177 1885 Vnde
1186 1830 1246 1887 haec
1257 1832 1400 1902 desumpta

157 1941 162 1951 κ
275 1913 338 1979 sint,
353 1916 468 1969 stanin
484 1915 571 1986 aliquo
588 1916 645 1969 MS.
663 1915 750 1969 codice
765 1916 878 1978 inventa,
900 1913 985 1967 dicere
1010 1932 1063 1967 non
1080 1932 1194 1986 possum·
1216 1919 1400 1985 nequeenim

278 1995 350 2081 aiibi,
365 2016 442 2068 quam
456 2000 484 2052 in
499 1997 561 2052 edit.
573 1998 659 2052 Gebh.
673 2008 700 2051 et
713 2007 840 2069 postrema
852 1996 1024 2063 boecleriana,
1034 2005 1061 2050 et
1073 2016 1141 2070 quae
1156 1997 1222 2052 banc
1235 2016 1398 2069 expressere,
1427 2048 1432 2057 ,

275 2096 305 2131 ea
322 2080 438 2133 invenio.
455 2079 545 2133 Lansb.
563 2089 662 2144 tamen,
677 2091 701 2134 et
718 2082 763 2150 qui
777 2098 836 2133 eum
860 2081 963 2151 sequuti
978 2089 1050 2146 runt,
1073 2079 1171 2134 similia
1186 2081 1334 2152 praefixere:
1349 2082 1400 2134 Ea

277 2161 341 2213 titio
356 2164 464 2216 sonando
480 2163 591 2217 Aemilii
604 2162 691 2232 Probi,
703 2182 743 2216 seu
756 2162 869 2216 Cornelii
880 2161 997 2233 Nepotis.
1012 2160 1151 2233 Longoiius
1163 2163 1201 2217 nil
1214 2164 1293 2229 aliud,
1314 2181 1398 2234 quam

276 2239 379 2296 Catonis
396 2249 460 2312 νέω,
479 2242 609 2307 Schottus,
626 2245 669 2296 M.
692 2242 783 2296 Porcii
801 2242 903 2297 Gitonis
917 2246 981 2296 vitu.
1002 2241 1117 2312 Pighius,
1135 2243 1180 2312 qui
1197 2242 1263 2297 hanc
1281 2245 1363 2297 vitam
1382 2260 1401 2296 a

274 2324 367 2379 Csrclo
383 2328 481 2398 Langia
500 2336 629 2395 acceptam
643 2324 710 2378 libro
728 2326 766 2379 tx
779 2324 919 2378 Annalium
934 2326 1009 2377 Rom.
1027 2322 1070 2376 ssd
1081 2325 1199 2394 piuribus
1212 2325 1274 2379 locis
1286 2324 1318 2379 ab
1336 2324 1400 2380 aliis

278 2408 438 2464 editionibus
454 2407 654 2479 discrepantem,
680 2406 799 2470 inseruit,
813 2405 908 2460 alicubi
934 2416 960 2461 rt
984 2405 1143 2459 coniecturas
1167 2424 1224 2461 suas
1241 2407 1398 2479 adscripsit,

276 2490 345 2544 bunc
362 2492 387 2545 ei
405 2490 509 2545 titulum
527 2490 699 2562 praescripsit,
714 2489 779 2544 Vita
794 2489 890 2543 Marci
906 2487 1020 2554 Catonis,
1041 2507 1074 2540 ex
1100 2490 1215 2544 cornuto
1239 2487 1341 2560 Nepote
1363 2489 1402 2542 de

272 2578 337 2628 viris
353 2576 497 2630 iitrutribus.
518 2577 668 2645 Vtcumque
684 2572 727 2638 ait,
742 2568 908 2627 verisimilius
925 2580 975 2636 est,
987 2589 1044 2623 esur
1067 2591 1099 2624 er
1112 2569 1192 2625 altero
1205 2573 1311 2644 Nepotis
1328 2571 1403 2626 libro

276 2672 339 2721 esse,
360 2660 432 2711 cuius
450 2660 547 2724 XXHI,
567 2663 610 2718 tt,
634 2665 660 2723 t,
685 2654 816 2721 meminit,
843 2671 921 2726 quam
950 2653 1022 2726 quod
1037 2654 1142 2708 Scbotto
1159 2653 1269 2725 aliisque
1291 2655 1399 2723 visum,

273 2735 448 2805 fragmentum
467 2759 522 2792 esse
538 2738 579 2793 vel
596 2738 816 2809 &usurpatoriam
831 2734 901 2803 iibri,
913 2755 999 2807 quem,
1013 2754 1069 2808 cap.
1084 2742 1109 2802 3,
1123 2742 1148 2799 5,
1161 2736 1194 2790 de
1206 2738 1301 2791 Catone
1316 2757 1400 2808 sepa-

274 2821 350 2870 ratim
359 2819 453 2888 secisse
469 2838 496 2871 se
511 2821 557 2886 ait5
572 2838 632 2873 nom
650 2819 676 2870 id
691 2837 723 2871 ne
737 2814 881 2883 credarrius,
898 2837 928 2871 ea
948 2821 1001 2888 ipsa
1015 2818 1093 2872 verba
1111 2819 1216 2872 iaciunt.
1238 2819 1302 2887 Quis
1320 2821 1402 2875 enim

274 2898 302 2952 in
316 2896 463 2968 fragmento
475 2908 518 2951 aut
533 2900 751 2971 docaspniatsiort
768 2899 854 2970 operis
870 2897 977 2954 alicuius
991 2917 1107 2972 unquam
1130 2917 1194 2972 opus
1215 2901 1308 2972 ipsum,
1333 2910 1402 2957 tan-

275 2994 350 3047 quam
369 2976 511 3044 diversum,
526 2977 655 3033 laudavit?
673 2981 731 3034 Nou
759 2979 909 3053 repugnabo
923 2989 1022 3048 tamen,
1044 2981 1066 3035 si
1090 2981 1224 3054 quiscum
1247 2983 1341 3037 Vossio
1356 2989 1399 3057 τῷ

274 3058 342 3112 πάνυ
362 3057 505 3114 verisimile
530 3069 634 3112 censeat
657 3060 833 3131 fragmentum
851 3081 904 3117 esse
921 3082 953 3116 er
978 3081 1058 3135 opere
1074 3064 1106 3116 da
1122 3063 1249 3119 btstoriais
1276 3064 1398 3135 latisin

272 3160 354 3214 quum
368 3142 401 3196 de
414 3142 529 3197 historiis
549 3141 654 3195 Catonis
680 3151 733 3195 tons
760 3144 886 3215 explicate
903 3156 973 3216 agat,
989 3148 1135 3199 orationum
1160 3158 1245 3203 autem
1263 3157 1289 3200 et
1305 3166 1417 3204 tcm-

270 3243 332 3296 pace
349 3222 468 3295 belloque
486 3232 615 3296 gestarum
632 3220 717 3275 scium
732 3223 803 3278 velut
816 3224 901 3280 obiter
913 3227 1076 3280 mentionem
1093 3227 1178 3282 faciat.
1192 3228 1292 3284 Boss‘us.

304 3384 428 3448 Arrrcvs,
443 3404 469 3454 p.
484 3389 546 3438 sta.
559 3383 643 3453 Quam
656 3379 726 3434 varie
737 3382 763 3435 in
775 3381 852 3437 codd.
866 3391 892 3436 et
902 3381 1036 3438 nonnullis
1048 3383 1107 3439 edd.
1122 3384 1275 3439 inscribatur
1286 3381 1400 3453 eiegan.

275 3465 388 3517 tissimus
405 3463 447 3517 bic
464 3461 575 3530 iibeiius,
591 3479 728 3533 cognosces
741 3480 773 3514 er
790 3463 860 3517 Bosii
872 3473 933 3517 nota
947 3474 973 3517 et
985 3463 1068 3517 Fiscb·
1079 3463 1168 3517 iibciio
1182 3465 1212 3516 V.
1225 3465 1256 3515 1..
1269 3462 1314 3514 Es
1324 3461 1399 3520 tum

276 3544 391 3599 Cornelii
403 3542 512 3618 itepotis
529 3545 561 3596 de
574 3543 672 3598 Latinis
683 3542 810 3599 itirtorisis
824 3543 853 3597 in
867 3543 924 3597 cod.
936 3545 1026 3600 Gifan.
1049 3545 1090 3598 cui
1113 3542 1209 3607 accedit
1224 3541 1280 3595 cod.
1303 3540 1398 3598 Guel-

271 3627 374 3698 ferbyt.
386 3631 422 3696 (a
436 3630 482 3682 iac.
497 3626 571 3680 Frid.
585 3625 746 3701 iicusingero
759 3636 846 3681 curate
861 3626 1021 3696 descriptus)
1038 3627 1084 3678 Ex
1098 3628 1163 3680 libro
1177 3625 1254 3676 Com.
1270 3623 1344 3694 Nep.
1358 3628 1398 3681 da

272 3708 331 3762 Lat.
345 3707 480 3762 historicis.
491 3708 588 3779 Incipit
598 3714 655 3762 uita
662 3709 753 3762 Attici.
761 3708 834 3776 Quae
848 3706 1132 3777 inscriptioScbiegelio
1144 3707 1172 3760 in
1183 3703 1250 3758 Add.
1261 3709 1395 3780 etcorrig.

272 3790 333 3844 ideo
349 3788 491 3860 probabilis
503 3800 550 3858 est,
565 3791 625 3860 quia
637 3791 730 3861 scripta
741 3789 820 3843 Attici
836 3788 943 3844 historia
959 3789 1019 3842 satis
1030 3786 1116 3859 ample
1133 3805 1147 3839 a
1160 3785 1282 3841 Cornelio
1304 3807 1395 3860 erpo«

272 3881 381 3939 nuntur,
394 3892 478 3947 eoque
494 3882 612 3927 retractat
623 3872 856 3943 sententiam,pag.
869 3879 899 3926 ts
915 3869 1050 3941 prolatam,
1066 3872 1146 3923 vitam
1164 3871 1302 3942 Pomponii
1310 3872 1393 3926 Attici

271 3971 325 4010 non
338 3974 393 4009 esse
406 3955 456 4009 nisi
472 3963 570 4027 partem
588 3954 738 4010 Corneliani
750 3955 837 4026 operis
848 3953 882 4006 de
897 3956 961 4005 viris
976 3951 1118 4015 ttusuttm,
1135 3950 1249 4005 aGeliio
1267 3954 1314 4019 xi,
1327 3956 1393 4020 ob,

271 4037 380 4109 perlecti
398 4046 426 4091 et
438 4037 516 4091 citati.
529 4035 603 4091 lderu
614 4035 775 4110 Sabiessslius
788 4035 816 4091 iu
832 4033 891 4090 diss.
909 4052 953 4090 sua
966 4033 1070 4088 doctiss.
1090 4051 1144 4104 cap.
1157 4035 1191 4098 V,
1203 4052 1262 4106 pag.
1276 4039 1308 4089 28
1328 4052 1391 4105 sqq.

274 4131 383 4192 quatuor
396 4120 628 4191 antiquissimaset
643 4120 786 4175 rariuimas
799 4117 842 4174 ed.
856 4118 922 4173 vitae
935 4116 1014 4172 Attici
1028 4135 1043 4170 e
1057 4114 1122 4170 bibi.
1143 4116 1280 4173 Thottisna
1296 4134 1393 4171 recen·-
1456 4145 1461 4157 ι

273 4201 326 4258 stit
341 4205 355 4272 <
369 4219 401 4258 sa
419 4201 510 4274 quibus
526 4201 641 4276 suppleri
651 4210 769 4276 ponant,
780 4218 848 4274 quae
859 4200 952 4272 scripsi
965 4197 997 4256 ad
1014 4198 1127 4260 Fabricii
1137 4201 1166 4257 t.
1182 4199 1230 4256 Gr.
1245 4196 1299 4258 voi.
1314 4199 1350 4273 Υ,
1360 4218 1394 4271 ps
