3352 5572
706 478 928 548 venientu
1287 468 1383 586 409

273 691 400 764 sanguine
417 687 553 744 uncinos
576 685 752 742 Themistocle
769 686 861 742 hausto
876 683 1114 740 circumferebatur.
1133 683 1285 758 Symmachi
1300 683 1389 740 locum

275 769 438 828 aGehhardo
459 768 596 824 adductum
616 769 696 823 etism
712 769 810 841 proisrt
825 771 955 834 Duker-us,
975 776 1001 821 et
1023 770 1107 822 Wess.
1126 767 1160 821 ad
1174 765 1283 822 Diodori
1299 765 1387 823 locut

279 870 350 909 num.
369 863 394 917 7,
411 853 456 926 qui
474 851 528 907 loca
544 851 643 924 profert
655 851 828 917 medicorum,
841 850 973 922 sanguinis
987 850 1080 904 taurini
1091 848 1209 903 baustum
1223 848 1386 920 pestilentem

276 954 327 990 esse
343 935 504 990 docentium.
523 933 589 988 Plut.
613 934 641 987 in
664 936 741 988 Tem.
763 952 820 1005 pag.
840 938 897 997 ⁴28,
917 935 952 986 ita
972 951 1029 986 rem
1049 941 1145 987 narrat:
1164 931 1387 1000 (Themistocles)

277 1018 307 1081 ὥς
324 1016 398 1088 pind
415 1017 493 1080 nolin
510 1017 592 1089 λόγος,
607 1018 693 1072 etus
709 1016 881 1070 TAYPEION
901 1017 979 1082 πιὼν,
998 1016 1032 1078 ὡς
1048 1013 1078 1070 di
1096 1015 1175 1080 istor,
1198 1016 1388 1069 ΦΑΡΜΑΚΟΝ

277 1099 463 1154 Erutfflrotr
480 1098 722 1171 προσενεγκάμενος,
738 1106 786 1150 etc.
796 1096 963 1169 Thucydides
976 1095 994 1149 l.
1012 1096 1041 1163 i.,
1056 1097 1164 1159 νοσήσας
1179 1094 1209 1151 di
1222 1095 1327 1166 τελευτᾷ
1343 1095 1388 1150 τὸν

276 1181 349 1254 βίου’,
360 1181 464 1253 λέγουσι
480 1178 511 1237 di
522 1181 590 1243 τινὶς
606 1180 652 1235 καὶ
666 1180 779 1236 iscariotae
793 1181 918 1253 φαρμάκῳ
934 1180 1069 1235 ἀποθανεῖν
1086 1180 1182 1246 ἀυτὸν,
1198 1177 1325 1235 ἀδύνατον
1342 1196 1387 1232 νο-

275 1265 384 1334 μίαιντα
401 1256 467 1318 ιῖναι
480 1263 620 1318 ἐπιτελέσαι
633 1260 777 1334 βασιλιί,ἂ
792 1260 926 1336 ὑπίσχετο.
940 1264 979 1315 Ειι
994 1265 1047 1333 ipsa
1060 1261 1222 1334 Thucydidis
1238 1261 1317 1316 verbe
1330 1260 1388 1315 ele-

275 1354 363 1416 ganter
377 1362 391 1396 ι
403 1345 503 1418 Nepote
519 1361 647 1416 expressa,
660 1352 689 1398 ut
703 1343 845 1398 Lambinus
858 1346 911 1398 iarn
928 1343 1083 1412 observavin
1101 1344 1221 1398 videmus
1233 1344 1318 1413 itaquo
1334 1351 1388 1396 tarn

276 1425 453 1492 Pittarcbum,
469 1444 547 1498 quern
559 1424 706 1481 Diodorum
721 1423 850 1492 Siculum,
862 1426 941 1482 istum
956 1427 1052 1481 taurini
1065 1427 1196 1498 νιπςυίινίε
1209 1426 1328 1480 haustum
1339 1424 1389 1477 ha-

276 1509 360 1564 buisse
373 1527 422 1580 pro
438 1508 536 1578 sabule3
547 1509 603 1564 imo
619 1506 765 1565 Diodorum
777 1505 893 1561 Siculum
913 1509 979 1562 haud
999 1508 1109 1564 multum
1126 1509 1229 1564 differre
1246 1526 1262 1562 a
1278 1509 1386 1579 Thucy·

277 1590 349 1657 dide,
366 1611 416 1664 pro
429 1602 501 1646 certo
521 1599 686 1655 trementem,
702 1598 838 1662 autequam
858 1590 891 1644 de
908 1592 955 1644 hec
971 1591 1058 1646 fabula
1078 1593 1240 1647 mentionem
1253 1592 1344 1645 saciati
1361 1587 1388 1644 is

276 1672 378 1737 environ
391 1679 446 1737 ταῖς
459 1675 547 1730 πὸλσσι
561 1672 713 1746 κατεβίωσε,
728 1673 831 1726 πάντων
849 1674 911 1748 πρὸς
922 1674 1064 1730 ἀπολαυσιυ
1076 1675 1180 1746 ἀναλῶν
1198 1674 1388 1749 εὐπορούμενοι·

278 1755 323 1809 nal
334 1754 485 1818 ’τιλευτίισας
492 1758 576 1824 (certe
587 1753 698 1810 naturali
707 1759 804 1824 morte)
812 1755 839 1810 is
852 1758 1043 1834 τῇΜαγννιοίᾳ,
1053 1762 1134 1827 ταφῆς
1147 1756 1239 1828 ἔτυχεν
1251 1754 1388 1825 ἀξιολόγου

277 1835 321 1888 arai
340 1836 463 1906 μνημείου
482 1839 527 1889 τοῦ
544 1834 581 1889 irs
595 1837 641 1889 νῦν
658 1831 827 1906 διαμὶνοντος.
848 1835 976 1892 Plutarchi
997 1836 1061 1889 alias·
1072 1837 1148 1889 huius
1165 1838 1204 1889 rei
1222 1853 1308 1889 causas
1325 1834 1389 1886 affe·

275 1919 366 1980 nentis,
383 1926 414 1969 ut
431 1915 580 1969 Buchnerus
593 1914 666 1978 dicit,
676 1914 765 1970 locum
778 1915 836 1971 vide
847 1916 875 1970 in
887 1919 1012 1972 Themiet.
1023 1938 1048 1987 p.
1066 1923 1112 1972 stt
1128 1925 1154 1971 et
1168 1920 1226 1979 ⁴28,
1241 1925 1267 1969 et
1279 1917 1307 1968 in
1321 1914 1389 1968 Cim.

276 2017 302 2070 p.
320 2004 380 2067 ipos
394 1997 440 2051 καλ
451 1998 559 2068 μάλιςοε,
573 1998 613 2053 ὅτι
626 2001 670 2052 τοῦ
683 1999 868 2067 θεμιςοαλίους
884 1999 1034 2053 ι’πυυθοὶνιτο
1046 1994 1125 2064 δόξαν
1140 1990 1205 2052 sisae
1220 1999 1265 2051 καὶ
1277 1993 1388 2065 δύναμιν

276 2081 303 2133 ι“ν
316 2084 367 2141 τοῖς
383 2077 523 2155 βαμὸοἱμοις
541 2080 676 2150 μεγάλην,
696 2077 898 2152 ὐποδιδιγμῦνου
922 2080 1021 2135 ὅασιλεῖ
1043 2083 1155 2135 κινοῦντι
1180 2079 1223 2132 τὸν
1247 2075 1386 2134 Ελληνικόν

275 2160 383 2230 πόλεμον
400 2161 585 2232 conmunione.
600 2162 767 2232 Θιμιςοαλῆς-
776 2160 822 2232 μεν
839 2154 885 2215 οὖν
896 2162 949 2233 οὐχ
969 2161 1049 2226 iissre
1066 2160 1179 2232 λέγεται,
1191 2159 1236 2220 τὰς
1247 2158 1388 2221 Ελληυιαάς

278 2241 381 2313 πράξιις
393 2241 530 2312 ἀπογνοὺς,
544 2242 577 2304 ὧς
589 2243 637 2298 οὐκ
650 2242 682 2297 ἃν
694 2242 895 2314 ὑπιμὸαλὸμινος
907 2244 953 2300 τὴν
967 2245 1080 2313 Κίμωνος
1092 2241 1215 2313 εὐτυχίαν
1229 2239 1273 2294 καὶ
1284 2237 1389 2308 ἀρετὴν,

277 2323 342 2378 ε’νιὼυ
357 2323 515 2384 πλουτῆσαι.
534 2322 660 2380 dtamen.
671 2325 735 2379 (bd.
752 2327 834 2379 Axeu.
850 2326 992 2391 obtinenda,
1006 2323 1076 2395 quod
1093 2324 1263 2377 vehementer
1275 2320 1392 2393 proben-

277 2403 339 2458 dum
353 2404 464 2462 videtur.
476 2405 594 2462 Moscha.

309 2575 441 2629 Aemines
458 2577 480 2639 l,
496 2593 524 2646 p.
542 2579 584 2629 92.
596 2573 765 2646 Populiseito.
780 2573 886 2647 tolgan
899 2591 1001 2629 emam:
1015 2530 1155 2645 ptsttsetso.
1175 2570 1225 2626 Sed
1239 2571 1391 2642 neutiquam
1458 2608 1461 2612 .

275 2656 449 2728 spernendum
462 2657 548 2712 indico
560 2657 590 2712 ri
601 2658 761 2729 populiscito,
773 2655 841 2728 quod
859 2665 886 2710 et
901 2655 944 2711 hic
958 2657 987 2710 in
999 2656 1077 2712 MSS.
1096 2656 1202 2710 Danao
1216 2653 1348 2717 Leidensi,
1362 2658 1389 2705 et

275 2739 304 2792 in
320 2738 416 2793 iisdem
439 2747 484 2794 aut
502 2738 559 2802 aliia
575 2737 734 2791 Coddint‘ra
750 2736 846 2809 legitur
859 2745 886 2805 7,
903 2743 929 2802 5,
948 2744 973 2792 4.
991 2743 1035 2803 ti,
1052 2745 1079 2803 t,
1098 2740 1187 2799 ’4..49,
1202 2739 1228 2799 λ,
1247 2740 1272 2787 2.
1288 2732 1318 2785 ld
1332 2735 1389 2787 sire

274 2820 342 2890 quod
359 2821 505 2876 abbreviete
521 2820 646 2891 scripturn
660 2830 734 2884 esset,
748 2821 867 2892 ppiiseito
881 2819 924 2872 vel
938 2820 1046 2891 pliseito,
1058 2837 1105 2873 eeu
1119 2816 1189 2890 qnod
1206 2818 1325 2889 ignotum
1338 2814 1390 2870 tuis

274 2912 349 2965 esset,
366 2904 484 2972 imperiti
497 2901 597 2957 librarii
612 2902 640 2956 in
653 2902 739 2955 notius
759 2912 899 2957 mutarunt.
913 2901 1052 2955 Dicebatur
1071 2909 1156 2955 suun
1175 2898 1242 2971 opud
1259 2902 1388 2952 Romanos

275 2984 448 3054 populiscitum
468 2983 509 3036 lex
530 2985 588 3038 sive
608 2982 707 3038 iussum
726 3002 740 3036 a
759 2980 853 3054 populo
874 2983 981 3037 sactum.
1007 2985 1096 3036 Festus
1114 2980 1142 3037 in
1164 2979 1265 3035 schedia
1287 2981 1390 3032 Parne-

273 3065 371 3130 sianis,
395 3074 424 3120 ut
441 3083 456 3117 a
477 3066 540 3119 viris
564 3064 648 3120 doctis
671 3064 804 3137 suppletae
831 3072 909 3126 sunt,
933 3063 983 3117 col.
997 3069 1064 3117 tot:
1089 3060 1184 3117 &uum
1204 3061 1289 3133 populi
1315 3060 1385 3112 dice·

273 3146 352 3205 bauer,
369 3148 438 3218 quod
457 3148 509 3200 aine
525 3147 596 3216 plebe
612 3160 712 3201 uenatus
731 3149 850 3218 patricius
868 3147 943 3211 ordo,
967 3156 1072 3216 rogante
1084 3147 1207 3215 patricio,
1224 3147 1272 3195 ersis
1289 3138 1388 3212 suffra·
1464 3174 1471 3187 ·

271 3229 323 3298 giis
342 3233 422 3298 iussin
441 3230 510 3301 quorl
525 3240 606 3282 aetem
628 3229 714 3300 aliquo
730 3232 944 3300 interrogantur
955 3230 1084 3298 patribus,
1102 3240 1125 3280 et
1144 3227 1214 3298 plebe
1232 3219 1389 3292 ruffiagaute
1422 3260 1425 3267 ·

272 3311 361 3362 scitum
374 3323 444 3375 esset,
456 3312 486 3364 id
498 3315 550 3363 iant
561 3312 630 3380 leges
650 3312 761 3378 scriptae
773 3309 924 3364 dicebarttur.
940 3309 993 3363 sed
1006 3311 1071 3362 illud
1083 3309 1237 3379 plebiscitum
1250 3314 1287 3355 ert
1294 3341 1303 3365 ,
1320 3301 1388 3372 qrsocl

274 3388 397 3444 Trinius
409 3393 510 3464 pisino
525 3396 639 3461 patriciis
658 3391 755 3462 ptetem
772 3394 872 3464 rogarit
879 3431 890 3456 ,
912 3390 941 3443 isl
956 3405 991 3444 est
998 3433 1009 3458 ‚
1026 3391 1152 3452 conmisit,
1166 3387 1295 3458 plebesque
1307 3384 1388 3437 seivit.

271 3472 385 3539 Tacitus,
402 3473 434 3525 Α.
448 3473 492 3538 ttt,
510 3477 553 3536 58,
568 3477 594 3525 2.·
607 3470 691 3527 Nulla
710 3473 742 3526 de
759 3492 789 3527 eo
808 3474 894 3544 populi
905 3477 977 3536 scita,·
995 3490 1045 3523 non
1058 3475 1086 3522 in
1098 3471 1168 3522 libris
1179 3469 1388 3529 caerimoniarum

271 3556 385 3621 reperiri.
406 3555 529 3607 Ceterum
546 3552 581 3605 ita
598 3551 697 3606 dictum
706 3595 717 3620 ‚
734 3555 795 3626 quia
812 3555 916 3624 populus
938 3557 1025 3616 scivit,
1045 3551 1071 3602 h.
1096 3569 1119 3604 e.
1135 3550 1229 3613 sanxit,
1246 3546 1387 3602 constituit.

272 3633 345 3687 idem
357 3637 448 3690 Festus
461 3633 511 3689 col.
526 3642 569 3690 76:
586 3636 664 3706 Quod
675 3630 706 3689 ιἰι
715 3654 800 3689 omnes
814 3637 936 3699 homines,
950 3653 1019 3687 resve
1030 3634 1133 3705 popubn
1144 3636 1224 3695 scivit,
1241 3633 1285 3684 lex
1295 3629 1388 3700 appel·

272 3718 479 3773 lanmboethius
491 3721 520 3772 in
537 3719 635 3790 Topica
648 3719 813 3773 ctatinttt:
830 3721 885 3774 Len
898 3733 934 3773 ert
951 3737 1025 3789 quam
1034 3720 1139 3789 populns
1150 3716 1294 3770 centuriatis
1306 3716 1387 3765 comi·

272 3801 314 3852 tiis
328 3803 435 3853 sciverit.
453 3801 521 3872 Apte
546 3801 626 3873 igitur
645 3811 733 3854 noster
757 3800 805 3854 hec
822 3820 884 3854 voce
905 3800 1027 3870 expremit
1045 3801 1149 3853 decreta
1165 3798 1220 3853 sive
1236 3798 1388 3871 ψηφίσματα

273 3881 483 3946 Atheniensium,
498 3900 563 3955 quae
576 3901 630 3937 non
647 3901 662 3935 a
679 3882 763 3953 plebe,
781 3882 825 3936 reri
843 3882 875 3935 ab
895 3881 1014 3935 universo
1032 3880 1128 3953 populo
1145 3882 1307 3935 inconcione
1323 3899 1385 3934 san·

272 3963 415 4022 ciebantur.
427 3967 494 4019 Nem
512 3966 685 4039 psephismate
703 3975 851 4020 revocatum
864 3984 922 4018 cum
936 3965 992 4018 aliis
1011 3966 1161 4034 Aristidem,
1178 3968 1246 4020 clare
1258 3975 1386 4039 apparete

188 4070 191 4092 r
273 4042 350 4104 Plut..
363 4048 434 4099 cuius
446 4048 510 4100 haec
527 4059 594 4112 sunt¹
613 4069 637 4119 p.
655 4050 715 4113 323,
733 4049 820 4102 verba:
839 4046 957 4107 λύσαντες
977 4047 1020 4100 τὸυ
1040 4048 1136 4119 νόμον,
1155 4049 1312 4123 ι’ψπφίσαντο
1333 4056 1385 4115 τοῖς

272 4123 394 4192 priapeiae
410 4124 526 4182 κάθοδον.
536 4129 663 4182 Similiter
677 4129 766 4184 Livius
782 4133 824 4192 45,
842 4132 885 4192 25,
902 4127 1035 4180 decretum
1052 4127 1223 4194 Rhodiorum,
1246 4128 1316 4202 qnod
1332 4130 1385 4184 Po·

273 4201 359 4273 lybius
375 4213 418 4269 30,
438 4214 463 4270 5,
480 4216 507 4273 5,
520 4210 640 4280 ψήφισμα
658 4212 768 4278 dixerat,
780 4217 867 4264 seinans
878 4213 965 4282 populi
978 4222 1057 4265 vocat.
1071 4209 1227 4280 Serenam,
1242 4211 1338 4287 inquil·
1350 4213 1382 4265 αὖ

274 4282 1273 4368 Romamnevontanpest,aemtnndreareseiompopattfims,ae
1293 4294 1384 4350 noan
