3352 5572
576 490 587 519 ·
646 474 991 540 ousunvarrouas
1012 475 1050 513 -···
1194 464 1198 477 ’
1296 442 1390 572 393

274 678 449 749 flausingerus
465 672 696 745 indissertatione',
721 693 789 748 quas
815 674 924 733 ditioni
948 674 1127 731 Fischen'anae
1143 674 1241 731 adiecta
1257 684 1305 732 est.
1320 677 1395 751 Legit

275 762 347 815 enlm
359 760 395 812 ita
411 757 492 813 editio
509 758 677 825 Gornuiana,
692 760 765 812 cuius
778 776 853 829 supra
863 761 1025 812 mentionem
1037 758 1096 814 feci.

310 843 384 896 vul.
396 843 442 896 Est
456 839 518 895 boni
529 843 747 902 oommeusatoris.
759 839 893 896 observare
903 842 973 896 locos
986 850 1132 906 auctorum,
1144 841 1172 895 iu
1183 841 1276 913 quibus
1286 845 1324 897 usi
1334 851 1395 897 aunt

274 943 339 982 roae
356 923 476 996 quadam,
494 920 679 996 significatione
692 921 815 994 peculiari
826 933 870 976 aut
885 926 972 977 minus
984 925 1070 978 solita.
1081 928 1151 978 Tum
1164 928 1235 978 enim
1249 925 1395 980 eruditione

273 1026 318 1061 sua
331 1024 407 1077 opem
421 1007 488 1060 serre
506 1004 584 1074 debet
600 1003 698 1066 lectori,
712 1023 764 1057 nou
776 1014 806 1057 ut
816 1004 874 1057 fieri
887 1006 953 1059 solet
969 1004 1064 1059 inillis
1080 1006 1154 1072 locis,
1172 1025 1237 1079 quos
1253 1017 1341 1060 mente
1360 1006 1392 1060 ad

274 1109 332 1146 rem
343 1100 441 1144 attenta
455 1100 481 1143 et
498 1087 646 1143 evolvendo
661 1087 743 1142 lexico
761 1087 849 1158 quivis
871 1086 945 1141 facile
958 1088 1110 1159 assequitur.
1128 1087 1275 1161 Adiungam
1298 1100 1324 1142 et
1341 1090 1394 1143 eius

273 1174 375 1246 generis
387 1172 586 1226 observationes.

308 1257 403 1326 Epam.
419 1256 492 1319 viti,
511 1259 536 1319 2,
554 1252 660 1326 legitur:
677 1254 750 1307 Vtin
767 1253 877 1324 periodo
900 1270 948 1306 suo
963 1253 1112 1309 scriberent.
1133 1258 1204 1308 Hanc
1221 1273 1311 1308 vocem
1333 1273 1393 1307 cor·
1497 1254 1500 1261 '

274 1333 554 1408 ruptamerediderunt
570 1333 682 1390 editores
698 1334 852 1403 complures,
869 1351 952 1407 quum
965 1353 1013 1404 per
1028 1344 1177 1388 contextum
1189 1335 1220 1389 de
1231 1337 1308 1406 cippo
1322 1335 1395 1410 loqui

274 1416 592 1489 debere'Epaminondam
606 1427 732 1490 putarent.
746 1418 833 1472 Edidit
846 1417 929 1470 Aldus
945 1418 1069 1486 sepulcro,
1084 1428 1112 1470 ut
1130 1417 1192 1471 alias
1208 1420 1295 1471 minus
1307 1416 1395 1472 felices

273 1502 430 1556 coniecturas
446 1509 553 1555 taceam.
566 1500 619 1557 Sed
634 1509 780 1556 constanter
790 1509 880 1553 tenent
895 1499 1032 1554 lectionem
1047 1501 1161 1571 pericula
1177 1501 1288 1568 codices,
1303 1501 1396 1573 quibus
1459 1522 1462 1533 ¹

274 1591 301 1637 et
313 1581 521 1637 annumerandus
537 1592 577 1638 est
594 1582 757 1636 Thottianus.
772 1581 897 1634 Defendit
913 1600 970 1635 eam
985 1581 1067 1635 multa
1081 1582 1226 1637 eruditione
1239 1583 1338 1650 Bosius,
1349 1583 1395 1637 aed

274 1675 345 1721 tanta
358 1664 512 1738 prolixitate,
523 1677 552 1719 ut
564 1665 696 1719 annotatio
709 1662 895 1718 dissertationis
908 1665 1020 1736 speciem
1034 1667 1138 1720 referat.
1152 1664 1285 1721 Concinne
1300 1666 1394 1737 magia,

274 1766 341 1820 quaa
352 1747 384 1802 ad
401 1765 459 1801 mm
475 1745 673 1819 intelligendam
687 1746 793 1810 iaciunt,
818 1743 922 1817 ooliegit
936 1747 1068 1800 Gesnerus
1088 1749 1116 1801 in
1139 1747 1274 1802 Thesauro
1292 1746 1395 1820 linguae

272 1833 411 1885 Romanae.
425 1833 456 1884 ln
469 1829 618 1902 explicanda
631 1828 818 1900 significatione
836 1826 929 1882 abusu
947 1832 1081 1883 communi
1099 1829 1183 1884 aliena
1201 1830 1267 1884 nihil
1287 1842 1325 1885 est
1339 1830 1392 1902 utiq

272 1913 337 1980 lius,
351 1930 428 1984 quam
445 1921 590 1967 monstrare
606 1928 770 1983 progressum
784 1909 965 1965 translationis.
980 1911 1119 1965 Notissima
1136 1919 1174 1964 est
1186 1909 1229 1964 ills
1239 1914 1342 1983 periurii
1355 1911 1396 1965 si-

275 1995 409 2068 gnificatio
425 2007 558 2058 tentamen,
573 1994 672 2047 Dauice
685 1994 793 2064 Farsog.
811 1995 868 2047 Vox
884 1991 945 2046 inde
962 1992 993 2044 ad
1004 1994 1156 2063 scripturam
1173 1992 1252 2046 relata
1266 1992 1395 2064 signifieat

273 2077 392 2148 concept,
411 2077 509 2129 [laniae
525 2075 633 2142 Udiua
647 2078 676 2129 in
689 2074 766 2129 rebus
777 2074 890 2145 denique
903 2073 1065 2129 iudicialibus
1074 2077 1222 2127 senteutiam
1237 2073 1321 2127 verbis
1330 2093 1393 2127 con-

272 2167 386 2231 ceptam,
400 2174 465 2228 quae
479 2156 592 2227 praelegi
609 2157 732 2210 damnato
744 2155 819 2219 solet,
832 2165 971 2228 posteaque
983 2154 1075 2209 tabulis
1089 2154 1198 2226 publicis
1211 2155 1393 2227 inferri.0pti·

272 2260 315 2295 me
332 2239 476 2294 illustratur
492 2238 613 2293 translata
629 2238 691 2293 haec
714 2238 870 2309 significatio
889 2239 947 2292 loco
965 2238 1097 2292 Ciceronis
1114 2239 1143 2291 in
1159 2240 1271 2293 Verrem
1290 2241 1334 2303 tlt,
1351 2244 1394 2295 79.-

272 2326 372 2377 Eorum
389 2320 527 2374 hominum
545 2319 714 2391 (scribarum)
730 2319 792 2374 fidei
812 2317 910 2375 tabulae
927 2319 1054 2390 publicae,
1072 2323 1239 2393 perimlaque
1256 2322 1394 2394 magistra-

272 2413 346 2458 tuum
362 2401 570 2457 committuntur.

307 2486 398 2539 Coton.
412 2485 444 2550 11,
464 2492 489 2546 3:
509 2482 654 2539 simultis
665 2495 783 2551 tentatus,
792 2501 846 2538 non
858 2483 936 2537 modo
950 2482 1052 2537 nullum
1064 2484 1252 2539 detrimentum
1266 2482 1395 2539 existima·

277 2583 290 2616 u
305 2564 385 2619 tionis
397 2563 467 2630 iecit,
484 2565 540 2629 aed,
553 2562 637 2637 quoad
658 2563 733 2628 vixit,
753 2565 879 2619 uirtutum
903 2563 978 2619 laude
995 2564 1107 2620 creuit·
1124 2564 1249 2618 Tentatus
1268 2563 1311 2618 liic
1324 2563 1398 2619 idem*

277 2646 436 2718 significare,
454 2664 484 2700 ac
497 2652 524 2700 in
535 2647 655 2701 indiviam
668 2659 780 2711 vocatus,
792 2664 834 2700 rea
849 2645 904 2717 ipsa
917 2644 1000 2702 ddcct.
1012 2646 1062 2700 Sed
1074 2645 1156 2700 rarior
1168 2657 1207 2701 est
1218 2663 1287 2711 usus,
1299 2655 1394 2701 etcum

275 2748 323 2784 neo
341 2749 356 2791 a
371 2733 494 2784 Gesnero
504 2726 662 2800 explicatum
677 2728 763 2785 video.

307 2811 387 2865 Attio.
400 2812 496 2875 xvtlt,
510 2817 537 2867 2.
552 2811 596 2865 Sia
612 2809 769 2865 familiarum
780 2807 907 2881 originem
921 2811 1049 2865 adtexuit.
1064 2808 1203 2863 Subtesara
1216 2816 1289 2862 notat
1302 2827 1391 2866 anwe-

274 2894 333 2956 den,
347 2892 391 2948 vel
409 2893 480 2965 quod
494 2895 574 2947 etiam
592 2913 606 2946 a
620 2895 756 2946 Germanis
768 2891 800 2945 ad
812 2891 946 2945 materiam
960 2894 986 2945 iu
1002 2892 1074 2945 libris
1086 2899 1218 2945 tractatam
1231 2890 1395 2957 transfertur,

275 2975 350 3028 dreia
362 2976 505 3031 verwedcn.
520 2976 562 3030 sta
579 2976 679 3031 Livius.-
692 2973 811 3028 Subtexit
825 2972 919 3027 deinde
933 2972 1035 3026 subulae
1049 2972 1118 3036 huic,
1130 2983 1180 3028 etc.
1195 2974 1285 3025 innuit
1296 2973 1393 3027 Corne·

274 3057 336 3123 lius,
353 3059 470 3112 Atticum
485 3057 563 3124 libro,
576 3076 630 3130 quo
643 3060 809 3128 magistratus
824 3055 940 3121 ornabat,
957 3074 998 3108 res
1019 3055 1195 3128 genealogicae
1218 3058 1279 3110 scite
1306 3055 1392 3111 admi·

274 3141 378 3192 acuisse.
389 3139 448 3192 Non
460 3138 545 3193 solum
556 3139 622 3193 hanc
633 3139 849 3210 significationem
866 3156 920 3190 nou
938 3136 1074 3190 enodatam
1086 3136 1164 3193 video
1176 3157 1191 3191 a
1204 3147 1393 3193 commentato·

276 3219 358 3284 ribus,
375 3220 512 3274 sedetiam
525 3220 554 3274 in
567 3219 652 3274 iudice
665 3218 798 3274 latinitatis
814 3218 925 3273 Basiano
940 3216 1007 3270 falso
1022 3216 1185 3288 explicatam.

310 3303 392 3356 Attic.
408 3303 455 3365 IX,
472 3303 554 3367 t,eir.
571 3303 641 3368 xv1,
654 3309 681 3366 3,
693 3302 775 3355 utitur
786 3309 874 3355 auctor
885 3318 947 3354 voce
968 3300 1148 3365 divinationis,
1173 3319 1204 3352 eo
1227 3317 1324 3364 seusu,
1341 3316 1394 3369 quo

279 3382 358 3454 longe
372 3383 443 3437 abest
456 3402 471 3436 a
484 3383 643 3439 divinatione
659 3381 704 3437 illa
713 3383 897 3452 superstitiosa,
909 3400 990 3455 quam
1004 3383 1124 3435 amabant
1141 3391 1249 3445 veteres,
1264 3390 1291 3434 et
1311 3399 1394 3452 quam

278 3465 372 3536 religio
384 3465 527 3519 Christiana
544 3468 587 3521 rix
605 3465 710 3520 tandem
736 3463 865 3520 eradicare
880 3467 972 3536 potuit.
994 3465 1086 3519 Mutuo
1102 3481 1129 3516 se
1148 3461 1275 3534 explicant
1298 3462 1327 3516 iri
1343 3461 1395 3516 duo

275 3544 340 3609 loci,
355 3554 381 3600 et
393 3557 538 3602 monstrant
550 3554 691 3614 auctorem,
701 3564 777 3618 supra
788 3544 902 3599 seculum
914 3563 989 3599 suum
1001 3544 1154 3614 sapientem,
1166 3560 1258 3610 parum
1272 3539 1393 3595 tribuisse

277 3619 466 3700 superstitioni.
477 3629 592 3684 multum
609 3648 672 3684 vero
695 3629 848 3702 prudentiae
864 3639 892 3681 et
904 3628 1071 3688 constantiae,
1088 3634 1115 3678 et
1135 3621 1279 3691 credidisse,
1304 3625 1332 3679 iu
1353 3623 1395 3677 liis

277 3709 418 3765 virtutibus
431 3711 576 3766 coniunctis
585 3731 674 3767 veram
686 3715 763 3767 sitam
780 3729 833 3765 esse
850 3709 985 3765 diuinandi
998 3717 1090 3772 artem,
1111 3705 1138 3760 id
1157 3714 1204 3771 est,
1222 3705 1397 3777 prospiciendi

276 3792 324 3848 sibi
339 3795 366 3849 ln
380 3794 459 3850 rebus
471 3795 595 3850 adversis.

560 3960 613 4025 IV.
636 3958 867 4023 Observationes
888 3955 1094 4040 antiquariae.

227 4178 228 4182 Ἰ
311 4103 475 4175 singularem
489 4115 516 4160 et
532 4107 710 4163 admirandam
727 4107 765 4161 rei
782 4105 941 4177 antiquariae
961 4121 1065 4173 operam
1083 4103 1208 4174 praestitit
1226 4102 1267 4156 vir
1283 4102 1397 4172 optimus

279 4185 411 4256 Philippus
429 4188 526 4242 Daniel
542 4189 656 4260 Lippert,
670 4191 798 4262 professor
807 4187 968 4244 orcadensis.
986 4189 1011 4240 ls
1023 4186 1095 4241 euim
1109 4186 1224 4258 picturae
1238 4195 1265 4240 et
1281 4184 1396 4256 reliqua·

281 4285 352 4335 rum,
368 4285 435 4338 quaa
451 4288 512 4326 cusu
524 4289 555 4326 ea
570 4274 722 4332 ooniunotaa
738 4281 808 4342 sunt,
819 4269 916 4328 artium
929 4271 962 4328 ab
975 4269 1144 4329 adolescentia
1159 4269 1252 4340 cultor,
1266 4277 1337 4326 tanta
1351 4266 1395 4325 in·
