3352 5572
438 542 441 547 .
501 498 849 564 onsnnvanronrs
1153 470 1250 610 389'

131 703 273 775 Lysandri,
290 703 338 759 aub
350 702 432 759 linem
446 718 501 774 eap.
515 701 550 770 11,·
562 701 653 769 attera,
665 719 733 775 quae
748 702 874 760 Lambini
887 704 970 760 aciem
982 708 1088 782 effugit,
1105 718 1131 766 et
1147 711 1180 767 ab
1192 714 1254 769 Ana

131 796 206 857 gnato
220 785 354 841 linobnero
367 784 484 858 primum
498 791 585 837 notata
596 793 645 849 eet,
658 783 686 838 in
699 785 752 840 vita
767 787 901 853 Eumenis,
917 805 973 861 oap.
991 790 1164 866 XLVterque
1179 792 1252 850 loona

130 869 231 940 punctis
244 887 289 923 eeu
302 867 429 922 uteriaoia
442 865 570 919 indicatur
583 885 598 919 a
609 867 796 922 recentioribua
809 886 874 941 quoe
896 871 967 937 novi,
979 872 1120 944 plerisque.
1141 877 1193 929 Via
1204 895 1253 932 are

130 964 288 1023 gumentum
302 953 386 1006 maine
402 968 456 1005 aare
469 957 563 1020 poteat,
575 949 682 1018 periiaae
693 967 785 1004 omnea
800 949 865 1003 olim
881 949 914 1003 ab
925 953 1076 1024 antiquitate
1093 954 1198 1012 relietoa
1207 977 1251 1014 oo·

128 1033 199 1089 dicea
211 1035 288 1089 buiua
302 1032 379 1098 libri,
395 1040 498 1105 praeter
517 1030 593 1084 illum
613 1048 716 1095 unum,
732 1049 812 1104 quem
828 1031 957 1088 Aemilius
970 1036 1069 1090 Probua
1084 1040 1252 1110 eaaeripeerat

129 1115 279 1171 Theodosio
291 1114 476 1184 exhibendum3
489 1123 516 1167 et
529 1131 561 1167 er
575 1112 632 1168 eolo
644 1113 693 1168 boc
709 1113 866 1186 apographo,
877 1114 922 1185 qui
936 1126 963 1171 et
973 1117 1026 1188 ipae
1037 1117 1136 1174 dnduan
1148 1123 1253 1192 periiaea

128 1197 244 1265 videtur,
261 1207 384 1270 tanquam
402 1196 552 1268 archetypo,
566 1194 691 1249 effluxione
703 1197 802 1250 senaim
815 1213 924 1264 omna,
939 1199 984 1269 qui
997 1199 1080 1255 adbuc
1101 1220 1148 1274 per
1161 1205 1251 1261 Euro-

128 1298 188 1348 pam
202 1281 377 1351 reperiuntur,
393 1277 494 1332 oodicea
513 1295 592 1331 manu
605 1285 727 1332 exarator.

162 1362 257 1414 Enaue
272 1370 336 1415 aunt
350 1359 466 1423 incanae,
478 1360 626 1425 breviores,
645 1356 730 1432 qualia
750 1356 795 1413 illa
807 1359 835 1413 in
855 1361 973 1415 Eumene
993 1362 1110 1420 babenda
1130 1375 1172 1423 eet
1181 1407 1194 1434 ,
1217 1386 1251 1423 e:

127 1443 263 1497 oscitantia
279 1443 391 1511 librarii3
412 1441 550 1513 longiores,
567 1438 650 1512 qualia
666 1459 696 1494 ea
713 1441 740 1493 in
757 1440 892 1512 Lysandro
908 1444 1026 1511 (omissa
1042 1456 1081 1500 eat
1098 1448 1171 1502 enim
1194 1456 1252 1504 tota

129 1541 180 1585 rea.
194 1542 273 1597 quam
286 1525 372 1596 Nepos
388 1533 536 1577 narraturus
548 1524 626 1590 erat)
639 1539 684 1576 aen
697 1539 730 1574 ex
743 1522 835 1576 eadem
852 1524 997 1589 oscitantia,
1013 1544 1059 1580 neu
1072 1527 1162 1596 etiam,
1178 1529 1251 1602 quod

127 1608 224 1677 saepius
240 1605 345 1671 accidit,
362 1605 457 1660 codicia
474 1603 591 1673 primarii
608 1602 780 1657 mutilatione.
795 1605 874 1658 Panoi
895 1605 965 1661 inter
983 1607 1065 1664 bonna
1083 1629 1187 1684 quoque
1201 1630 1251 1668 ω.

126 1686 196 1741 direr
210 1689 376 1759 reperiuntur
393 1685 447 1756 (id
465 1687 536 1739 enim
549 1683 619 1738 eaaui
632 1693 659 1736 et
676 1683 803 1738 humanae
816 1684 950 1757 fragilitati
964 1687 1099 1760 dandum)
1121 1697 1179 1748 etne
1194 1691 1250 1747 ali-

126 1787 181 1840 quo
197 1769 310 1825 delectu.
328 1768 357 1822 Si
370 1786 386 1820 e
399 1766 509 1822 diveraia
522 1772 676 1819 emanarunt
690 1764 815 1833 sontibus,
837 1766 968 1823 exhibebit
987 1770 1062 1826 saeile
1078 1791 1157 1842 nnua,
1177 1775 1250 1847 qnod

125 1850 285 1906 desideratur
307 1854 336 1904 in
353 1850 421 1904 aliia.
438 1849 482 1903 stc
496 1846 621 1903 nonnulla
645 1848 740 1919 scripta
761 1859 896 1916 veterum,
923 1870 989 1921 quae
1007 1872 1096 1909 manea
1123 1866 1196 1911 erant
1219 1859 1249 1912 in

128 1931 242 1988 editione
256 1934 349 2002 prima,
362 1949 432 1985 novo
451 1929 549 1994 codice,
566 1929 609 1983 vel
623 1933 703 1983 etiam
716 1928 822 2003 ainguiia
841 1939 942 1985 tentum
963 1933 1033 1987 soliie
1051 1945 1077 1990 et
1095 1936 1249 2008 fragment&

123 2014 249 2087 repentia,
268 2013 378 2068 feliciter
393 2011 512 2084 auppleta
531 2013 637 2066 animur.
652 2011 700 2065 Sin
716 2030 779 2066 vero
792 2011 900 2066 eaedem
914 2013 1020 2069 lacunae
1034 2017 1202 2074 offenduntur
1216 2021 1246 2074 in

125 2095 256 2159 omnibus,
273 2105 343 2148 reete
365 2093 512 2148 iudicantur
525 2091 607 2148 iidem
620 2111 712 2148 ornnea
730 2093 802 2148 ducti
818 2111 873 2148 erae
892 2112 923 2148 ex
939 2093 1034 2151 eodem
1053 2098 1143 2162 ionte,
1164 2117 1248 2174 eoque
1336 2135 1339 2138 ⁴

124 2177 270 2247 posteriorie
283 2175 342 2230 aeui
354 2176 409 2229 aive
421 2193 481 2229 eaau
496 2175 552 2231 rive
573 2173 648 2248 eulpa
664 2177 719 2229 iam
736 2184 868 2247 corrupto.
884 2175 962 2232 Valet
985 2177 1071 2249 itaque
1087 2177 1121 2233 de
1139 2181 1249 2254 Nepotie

123 2256 326 2329 Imperatoribue
338 2255 421 2322 idem,
435 2255 505 2330 quod
518 2256 704 2313 celeberrimua
718 2266 745 2310 et
758 2258 873 2328 optimus
891 2258 950 2327 vir,
967 2259 993 2312 J.
1007 2263 1044 2314 A.
1061 2261 1164 2315 Ernesti
1179 2281 1247 2334 pro-

122 2335 253 2391 nunciavit
274 2336 307 2390 de
326 2336 436 2402 Toeito,
457 2337 540 2390 Praei.
557 2354 584 2408 p.
606 2344 648 2393 ⁴6:
671 2337 798 2392 nomnen
817 2337 953 2392 varietatea
969 2335 1129 2406 lectionum,
1150 2358 1245 2411 quaaa

126 2438 138 2470 ι
158 2417 232 2473 iibria
243 2420 344 2492 scriptia
358 2429 458 2476 notatae
470 2419 605 2486 habemur,
622 2419 724 2492 proprie
741 2437 796 2474 eane
815 2418 951 2474 varietate·
964 2419 1041 2473 unius
1057 2420 1178 2493 exempli,
1191 2440 1246 2480 non

127 2519 138 2551 ι
157 2499 283 2571 plurium,
305 2519 369 2572 quae
392 2521 424 2556 ex
447 2502 504 2573 ipso
520 2501 662 2574 archetypo
680 2500 808 2554 fluxerint
824 2499 901 2554 Vnde
912 2502 951 2567 fit,
970 2501 1132 2557 utomnibua
1148 2503 1246 2558 eodlei·

125 2601 136 2634 ι
154 2581 203 2637 bna
222 2583 402 2655 comparandis
418 2582 485 2640 nibil
504 2582 576 2637 aliud
599 2581 668 2637 affini
681 2581 776 2655 poerit,
787 2600 866 2652 quam
879 2589 919 2649 ut,
930 2583 995 2656 quid
1006 2584 1034 2638 in
1048 2603 1102 2639 uno
1114 2583 1162 2639 iilo
1177 2603 1244 2659 apoq

123 2683 134 2716 ιι
154 2662 264 2735 grapho,
286 2663 354 2718 unde
368 2664 388 2719 ti
406 2683 513 2729 venere,
535 2663 624 2728 suerit,
641 2661 836 2720 inveniamum

153 2747 186 2799 ll.
208 2745 351 2800 Conferene
377 2745 521 2801 editionem
540 2742 686 2817 prinoipem
710 2745 773 2798 anni
798 2750 859 2799 tltt
878 2762 938 2797 cum
951 2743 1150 2812 recentioribur,
1176 2763 1244 2816 quae

120 2826 257 2879 Roaianam
270 2825 314 2879 vel
323 2826 432 2880 omnino
445 2824 487 2882 vel
501 2827 612 2896 maxima
625 2843 657 2879 ex
668 2836 740 2898 parte
753 2834 944 2888 recurrerunt,
955 2824 1126 2879 Staverniana
1137 2843 1244 2900 nempe,

119 2909 322 2981 Heusingerinna
330 2949 341 2975 ,
356 2909 517 2964 Fischerinnn
530 2919 556 2961 et
566 2907 716 2963 Harleaiana
724 2949 735 2973 ,
747 2907 844 2979 reperi,
861 2906 977 2979 pluribus
995 2909 1024 2963 in
1041 2906 1106 2962 ionia
1125 2920 1243 2982 reoeptao

120 3009 175 3044 ease
186 3010 200 3043 a
212 2991 293 3044 Boeio
305 2990 445 3045 anomaliae
457 2991 561 3063 linguae
573 2990 682 3059 latinae,
696 3010 780 3062 quum
793 3001 880 3044 tamen
897 2990 989 3044 Editio
1002 2993 1118 3063 prinoepa
1135 2991 1243 3066 analoga
1325 3061 1330 3070 Ι

119 3080 146 3124 et
160 3081 228 3126 recta
240 3081 349 3127 tueatur.
366 3074 472 3126 Habent
489 3091 515 3125 e.
529 3091 556 3144 g.
567 3070 695 3127 editiones
712 3072 859 3126 nominatae
875 3089 983 3135 omnen,
998 3073 1074 3128 Eum.
1088 3076 1110 3139 1,
1128 3078 1154 3126 6.·
1163 3092 1243 3145 prae«

119 3155 169 3207 suit
189 3155 308 3227 equiturn
326 3155 422 3210 alterne
438 3151 508 3222 alae3
525 3152 626 3208 Timol.
643 3155 693 3217 111,
710 3159 742 3208 2:
762 3153 846 3208 otium
867 3166 934 3208 totae
954 3153 1052 3208 insulae
1072 3154 1241 3226 ooneiliavit3

119 3236 212 3292 Thrae.
223 3238 256 3305 tl,
269 3242 295 3291 22
309 3256 377 3310 quae
389 3256 430 3290 rea
440 3236 494 3290 illia
506 3235 733 3292 contemnentibua
743 3240 849 3308 pernicii
862 3237 929 3305 bait5
947 3235 1031 3291 Tbraa
1052 3238 1074 3301 1,
1089 3242 1115 3290 52
1130 3236 1158 3289 in
1169 3236 1242 3293 bello

118 3331 231 3387 pumat
253 3318 370 3386 sortun23
387 3322 450 3391 lieg.
471 3320 498 3383 1,
514 3322 542 3372 l:
561 3316 609 3372 illo
629 3317 722 3372 Peraea
743 3336 822 3373 nemo
842 3319 892 3372 fuit
907 3336 988 3371 manu
1009 3318 1117 3384 iortior5
1141 3315 1242 3373 babetn

119 3399 230 3456 Hamilc.
243 3403 265 3462 t.
280 3406 290 3450 l
309 3409 336 3454 et
348 3401 438 3456 Coton.
447 3401 494 3464 111,
506 3407 531 3465 3,
545 3399 685 3454 Poeninum
695 3397 806 3470 bellum3
820 3419 903 3472 quum
916 3408 1003 3453 tamen
1017 3397 1098 3452 editio
1110 3399 1242 3471 princepe,

120 3483 178 3538 aliia
198 3486 227 3537 in
249 3481 313 3537 looia
334 3483 404 3539 vitiis
425 3502 479 3537 nou
498 3501 589 3537 carena
595 3523 605 3548 ,
622 3482 666 3536 bio
683 3493 753 3537 reeta
770 3493 857 3536 teneat
870 3491 915 3535 aut
928 3482 1009 3554 magia
1021 3483 1128 3536 uaitata=
1144 3482 1240 3550 alteri,

122 3570 334 3638 toti,pemieier',
345 3580 507 3639 pepercerat,
525 3566 679 3632 Persarum,
691 3565 824 3621 Prurioum.
845 3565 955 3620 Eaedem
974 3563 1096 3619 rectiorea
1115 3563 1241 3621 lectione·

120 3649 273 3717 confirmat,
291 3661 393 3721 praeter
412 3649 493 3715 alioe,
515 3650 596 3704 oodex
612 3649 785 3712 'l'bottianus‚
806 3667 860 3702 uno
880 3656 981 3702 tantum
1001 3644 1059 3700 looo
1075 3647 1153 3701 Eum.
1170 3648 1199 3714 l,
1221 3655 1240 3704 6

121 3741 234 3803 excepto.
247 3731 323 3797 Seio,
338 3732 380 3788 vix
396 3731 482 3786 ullum
493 3730 536 3786 vel
547 3729 769 3803 elegantiaeimnm
782 3731 949 3800 acriptorem,
969 3746 1001 3781 ex
1021 3727 1138 3802 antiquie
1159 3746 1241 3802 aqna

122 3830 152 3866 ao
168 3832 183 3868 e
199 3819 309 3879 neutris,
322 3825 375 3870 tam
388 3815 466 3871 tuine
478 3831 583 3886 semper
597 3813 630 3868 ad
643 3811 743 3885 regulas
756 3812 868 3885 purioria
885 3809 950 3883 atyli
966 3820 1111 3878 attentum,
1124 3817 1153 3864 ut
1166 3829 1242 3867 utan-

123 3913 202 3965 quam
214 3897 378 3953 aberraverit.
391 3896 552 3968 Quandoque
564 3895 647 3950 bonua
660 3893 783 3949 dormitat
795 3897 931 3947 flumenta.
953 3893 1014 3947 Seio
1027 3892 1125 3961 etiarn,
1142 3889 1242 3966 repul‘u

124 3979 306 4045 grammaticae
319 3979 470 4052 vulgaribus
481 3978 655 4049 superstition
667 3974 856 4031 inhaerendum
872 3992 926 4029 non
938 3990 992 4029 eaae
999 4011 1009 4040 ,
1021 3984 1048 4031 et
1061 3991 1134 4047 poue
1154 3973 1243 4029 nter«

125 4057 188 4112 dum
200 4060 233 4115 ab
246 4062 279 4117 iia
295 4062 396 4129 recedi,
408 4063 430 4116 ai
447 4063 542 4119 dentur
560 4058 679 4134 exempla
692 4059 759 4114 bene
778 4057 961 4130 comprobata,
979 4057 1111 4130 eleganter
1125 4065 1243 4114 auatom

125 4139 201 4194 aliter
213 4145 313 4216 aaepiua
323 4144 462 4216 aeripeiaae.
480 4144 532 4201 Sed
543 4144 695 4210 crederem,
711 4160 765 4196 eue
781 4141 843 4198 boni
854 4143 958 4208 Critioi,
971 4151 1000 4197 ut
1014 4159 1067 4196 non
1080 4140 1131 4196 niti
1142 4140 1243 4198 invitm

126 4231 153 4276 et
166 4224 338 4298 complurium
350 4226 469 4284 codicum
481 4228 633 4286 auctoritate
644 4225 717 4298 quati
730 4234 850 4292 mantua,
863 4225 983 4281 admittat
996 4242 1043 4293 ea,
1060 4235 1198 4302 quaem
1208 4226 1244 4281 ab

126 4306 1088 4383 meminuiemoetmonernneaeuuaittoetnen,
1108 4321 1244 4384 mut
