3352 5572
428 471 519 535 100
867 465 1098 532 PAVSANIAS

417 694 532 778 runt,
551 674 723 781 legatoa⁴
741 670 790 750 ad
808 698 895 751 cum
914 700 1001 751 cum
1018 669 1162 779 scytala
1180 672 1385 750 miseruut:
1404 662 1541 777 inqua

418 822 524 875 more
549 792 704 873 illorum
722 808 805 869 erat
822 795 1026 897 scriptum,
1052 792 1123 868 nisi
1148 788 1302 868 domum
1323 807 1537 883 revertere-

416 921 502 1001 tur,
522 938 561 989 sc
578 914 711 1019 capitis
728 937 818 988 cum
836 909 1092 988 damnaturos.
1109 911 1190 987 Hoc
1210 911 1348 987 nuntio
1368 935 1535 989 commo·

417 1046 478 1109 tus
485 1088 501 1124 ,
518 1056 697 1135 sperans,
715 1056 756 1106 se
775 1031 886 1106 etiarn
912 1046 995 1105 turn
1014 1030 1178 1135 pecnnia
1194 1040 1234 1105 et
1250 1030 1424 1134 potentia
1441 1032 1457 1081 ⁵
1479 1030 1538 1104 in-

414 1165 518 1228 stans
535 1148 751 1256 periculum
769 1172 878 1255 posse
896 1145 1118 1254 depellere,
1136 1145 1291 1223 domum
1311 1145 1436 1225 rediit.
1454 1149 1542 1227 Huc

413 1284 461 1347 ut
480 1271 595 1361 venit,
619 1267 667 1343 ab
686 1268 839 1372 ephoris
865 1268 906 1342 in
921 1264 1073 1343 vincula
1090 1264 1241 1373 publica
1258 1268 1457 1343 coniectus
1466 1281 1538 1343 eat.

414 1388 521 1465 Licet
545 1388 646 1463 enim
665 1384 812 1491 legibus
839 1412 973 1462 eorum
999 1386 1117 1464 cuivis
1143 1384 1289 1491 ephoro
1317 1385 1390 1461 hoc
1410 1386 1556 1487 faccrc¹

414 1531 507 1607 regi.
524 1508 541 1557 ⁶
558 1505 656 1580 Hinc
673 1520 854 1579 tamense
871 1501 1083 1610 expedivit:
1100 1503 1114 1551 ⁷
1134 1529 1259 1606 neque
1270 1529 1317 1581 eo
1335 1490 1536 1607 maginni

416 1740 509 1792 Persae
520 1737 593 1791 enim
600 1737 885 1807 odoresnnguentaque
895 1752 953 1807 pro·
1003 1733 1032 1787 ld
1046 1734 1142 1799 imum,
1156 1733 1247 1789 litteris
1264 1736 1299 1789 ita
1316 1734 1472 1807 perscriptio,
1491 1751 1537 1789 re·

414 1820 470 1874 luae
486 1820 603 1875 solebant
619 1820 752 1875 adhiberer
770 1829 859 1874 contra
870 1822 952 1873 Lace·
1004 1817 1121 1872 volutum
1139 1835 1171 1870 ex
1188 1817 1290 1872 surculo
1305 1819 1458 1891 imperatori
1468 1836 1542 1873 cona·

413 1905 614 1961 daemoniorum
627 1902 952 1977 victusparcusadmodum
1004 1906 1088 1957 menti
1105 1902 1175 1958 illius
1191 1905 1294 1958 conscio
1310 1904 1457 1959 mittebant:
1472 1922 1541 1959 reso·

413 1988 588 2043 attendin—
601 1985 708 2060 sipoto
723 1987 951 2057 respondebat&
1003 1984 1069 2039 lutio
1085 1992 1171 2038 autern
1191 1984 1240 2038 lori
1255 1984 1352 2040 litteras
1373 1995 1479 2040 nuncu
1496 1993 1541 2039 at-

413 2070 560 2145 anngantia
576 2072 624 2125 ista
637 2079 664 2124 et
682 2070 833 2126 crudelitate
854 2072 952 2124 Pausa-
1003 2089 1056 2143 que
1079 2068 1185 2124 mutilas
1202 2069 1342 2138 reddebat,
1370 2070 1542 2141 membrsque

414 2150 473 2206 niae
482 2151 668 2224 vid.Thucyd.
678 2152 698 2219 Ι,
713 2159 771 2221 ¹3⁰3
787 2151 953 2209 Plutarchum
1006 2174 1093 2209 earum
1111 2165 1137 2210 ct
1148 2155 1231 2227 apices
1244 2157 1272 2208 in
1292 2165 1377 2228 partes
1392 2154 1537 2209 diversissi-

416 2234 446 2291 in
463 2236 580 2291 Aristide
597 2246 624 2290 et
648 2237 767 2306 Cimoue5
790 2236 884 2292 Didor.
901 2239 952 2293 Sic.
1007 2258 1060 2294 reas
1071 2239 1213 2312 spargebat.
1228 2240 1375 2312 Propterea,
1385 2240 1406 2294 si
1416 2239 1443 2294 id
1455 2238 1543 2293 lorusn

414 2319 463 2384 Xl,
476 2328 520 2390 ⁴⁴5
532 2331 558 2375 et
571 2320 714 2376 Aristidem
724 2321 865 2387 rhetorem,
879 2322 952 2375 Orat.
1007 2326 1036 2378 in
1054 2342 1145 2377 manus
1169 2325 1283 2377 hostiurn
1308 2323 1449 2389 inciderat,
1474 2322 1543 2379 nihil

415 2401 449 2457 de
461 2402 580 2461 laudibus
595 2403 633 2458 bl.
649 2404 759 2459 Aurelii.
1006 2407 1145 2481 quicquam
1171 2407 1309 2462 coniectari
1335 2427 1367 2462 ex
1390 2427 1422 2461 eo
1446 2409 1545 2480 scripto

448 2492 493 2558 (4)
507 2490 625 2562 legatos.
638 2489 815 2564 Thucydides,
837 2491 951 2565 sipara,
1006 2492 1103 2563 quibat·
1124 2492 1169 2546 sed
1190 2494 1235 2546 uhi
1250 2492 1311 2559 ille,
1336 2493 1368 2547 ad
1393 2511 1471 2564 quem
1489 2500 1545 2547 erat

415 2573 444 2628 id
468 2583 516 2638 est,
533 2573 664 2630 nuntium.
689 2577 770 2629 Laus.
786 2605 818 2617 -
833 2572 951 2647 Scytala.
1006 2578 1125 2644 missum,
1143 2589 1285 2650 acceperat;
1298 2579 1403 2633 surculo
1414 2578 1544 2650 compari,

415 2658 529 2713 utrem
543 2658 726 2729 clandestinae,
740 2659 834 2731 quibus
849 2659 881 2713 ad
898 2661 951 2713 im·

415 2752 545 2813 penteres
556 2762 615 2797 suos
627 2743 825 2798 Lacedaemonii
840 2744 949 2798 uteban-

415 2835 467 2881 tur.
484 2826 601 2898 Scytalae
614 2828 727 2883 sormam
744 2828 829 2883 Aulus
842 2828 953 2895 Gellius,

416 2911 491 2965 licat.
516 2914 598 2968 Attia.
610 2913 654 2966 lib
670 2915 751 2979 xvlt,
777 2932 833 2986 csp.
857 2920 892 2981 9,
915 2917 951 2968 ita

415 2993 547 3049 describlts
564 2995 684 3050 sSurculi
697 2997 750 3050 duo
761 3008 835 3053 erant
845 3007 950 3062 teretes,

415 3078 559 3151 oblonguli,
573 3082 629 3151 pari
645 3091 817 3136 crassamento
826 3081 953 3136 eiusdem·

416 3181 469 3237 que
480 3161 659 3234 longitudinis,
674 3164 758 3219 derasi
776 3176 852 3238 atque
869 3166 952 3220 ornati

415 3249 596 3305 consimiliter:
610 3268 676 3303 unus
692 3252 843 3323 imperatori
855 3252 883 3306 in
896 3252 953 3306 bel·

415 3333 473 3388 lusn
490 3333 665 3407 proficiscenti
689 3335 815 3402 dabatur,
840 3340 951 3390 aiterum

415 3420 490 3475 domi
514 3420 680 3493 magistratus
705 3439 764 3474 cum
791 3423 846 3475 iure
873 3431 951 3495 atquc

414 3522 474 3557 curn
497 3504 573 3576 signo
596 3504 734 3559 habebant.
759 3504 871 3572 Quando
892 3523 952 3559 osus

413 3601 520 3645 rueras
538 3590 685 3645 litterarum
701 3589 881 3653 secretiorum,
896 3592 950 3644 cir·

414 3689 474 3727 cnm
488 3692 550 3728 cum
571 3675 704 3730 surculum
723 3673 808 3728 lorum
832 3672 950 3727 modicae

413 3758 561 3824 tenuitatis,
586 3760 695 3831 longum
714 3769 801 3813 autern
823 3766 950 3828 qnantum

412 3843 453 3894 aei
465 3845 526 3895 satis
539 3841 807 3915 erat,oomplicabant,
815 3841 951 3899 volumtas

412 3923 526 3978 rotundo
540 3934 565 3980 et
578 3927 701 3999 simplici3
724 3929 760 3981 its
781 3936 809 3981 nt
825 3945 885 3980 orae
902 3926 948 3981 ad·

411 4007 516 4061 iunctas
532 4008 649 4082 undiquc
667 4024 694 4064 et
704 4010 871 4065 cohaerentes
884 4009 948 4078 lori,

1006 2681 1084 2733 quern
1101 2663 1221 2725 habebat,
1238 2673 1323 2736 capto,
1341 2662 1372 2716 nd
1383 2662 1474 2727 linem,
1493 2682 1542 2734 pe·

1007 2746 1081 2801 riade
1096 2757 1125 2801 ut
1137 2745 1232 2802 dehere
1245 2747 1303 2801 beri
1316 2747 1424 2814 sciebat,
1435 2746 1545 2801 circurn-

1005 2832 1128 2903 plicabat:
1146 2843 1224 2905 atque
1245 2833 1280 2886 ita
1296 2831 1398 2888 litterae
1411 2850 1464 2905 per
1479 2849 1538 2884 am·

1004 2916 1091 2971 bitum
1112 2917 1238 2971 eumdem
1255 2916 1349 2971 surculi
1372 2916 1544 2973 coalescentes

1005 3021 1108 3057 rursum
1127 3005 1239 3069 coibant,
1257 3005 1437 3075 iutegramqne
1455 3012 1482 3057 et
1498 3003 1544 3058 in·

1006 3097 1154 3159 corruptam
1168 3088 1302 3162 epistolam
1325 3097 1352 3144 ct
1368 3090 1470 3143 facilem
1492 3087 1545 3161 legi

1006 3176 1178 3247 praestabant.
1191 3178 1245 3229 Hoc
1259 3195 1339 3247 genus
1353 3175 1475 3248 epistolae
1490 3176 1543 3229 La·

1007 3259 1167 3313 ccdncmonii
1176 3261 1309 3318 σκυτάλην
1328 3258 1491 3333 appellum·

1043 3376 1086 3442 (5)
1101 3371 1217 3426 Pecunia
1237 3385 1261 3425 et
1274 3375 1394 3443 pannis.
1412 3370 1546 3437 Paeanis,

1006 3472 1057 3525 qna
1069 3462 1256 3525 corrumperet;
1270 3459 1392 3526 munda,
1411 3471 1464 3525 qua
1480 3452 1546 3509 iudi·

1005 3559 1047 3595 ces
1063 3549 1252 3594 accusatoresve
1266 3540 1415 3595 deterreret.

1040 3659 1082 3725 (6)
1100 3656 1174 3727 liepi.
1191 3656 1250 3725 Qua
1275 3655 1400 3725 dignitate
1427 3653 1544 3728 pollebat

1005 3741 1149 3808 Pausanias,
1162 3758 1215 3794 non
1233 3741 1287 3812 ipse
1304 3740 1411 3812 quidem
1425 3758 1482 3805 rex,
1494 3740 1542 3794 scd

1005 3827 1153 3892 Plistarcbi,
1172 3825 1319 3888 Leonidae,
1341 3829 1386 3896 qui
1403 3826 1435 3880 ad
1453 3825 1539 3881 Thes·-

1005 3909 1124 3982 mopylas
1133 3910 1297 3976 occubuerat,
1306 3909 1366 3974 filii,
1379 3929 1409 3964 ac
1420 3909 1544 3982 patruelia

1004 3994 1045 4046 sui
1063 4003 1142 4049 tutor.
1155 3994 1222 4049 Vide
1234 3993 1356 4066 Thucyd.
1371 3993 1394 4059 1,
1413 3994 1469 4048 aar.
1485 3994 1541 4046 Bo·

412 4089 952 4165 quodplmufmpmpfflmmpepn,
1005 4094 1068 4131 arus.
1094 4079 1135 4130 De
1156 4079 1269 4150 Ephoris
1293 4097 1369 4152 supra
1385 4077 1497 4132 diximus
1512 4078 1542 4131 in
1621 4124 1631 4133 .

415 4174 450 4231 de
467 4176 495 4231 in
509 4194 541 4231 ω
554 4173 611 4232 Ιοιο
623 4195 671 4250 W
680 4187 836 4236 mamm,
850 4181 952 4236 punem,
1004 4159 1173 4216 Themistocl.
1188 4164 1246 4216 Vll.

411 4278 503 4316 rarum
526 4278 602 4328 oras,
628 4262 776 4320 versibusa
798 4284 902 4320 summo
918 4265 951 4321 sd
1038 4264 1080 4332 (l)
1099 4259 1133 4316 Se
1146 4265 1282 4334 expedivit.
1299 4261 1540 4338 Aptadevincnlis.

410 4346 746 4426 inumpcoficisceuttbus,
766 4351 948 4413 modianus.
1005 4347 1045 4404 tta
1061 4344 1289 4423 loqnitnsCicero,
1305 4350 1462 4414 interm
1483 4348 1538 4417 tv,
