3352 5572
587 506 608 519 ..
653 462 1003 531 onaaavarronns
1308 439 1399 572 397

320 671 394 725 Patet
411 687 441 724 ex
457 667 497 723 lais
512 667 621 722 oratoris
635 667 734 733 verbis,
754 675 786 721 ut
802 675 828 719 et
850 685 865 719 e
881 668 1013 739 scriptoris
1029 669 1142 723 historici
1166 674 1326 741 narratione,
1344 692 1405 726 mox

286 761 344 827 post
356 769 470 824 pugnam
482 749 685 816 Marathoniam,
697 747 818 803 Miltiade
829 747 911 802 adhuc
925 751 1029 804 vivente
1042 760 1069 802 et
1088 750 1180 818 libero,
1202 753 1316 808 tabulam
1338 756 1404 810 banc

286 850 341 886 esse
353 831 506 885 consectam.
521 831 611 900 ltaque
625 829 657 881 ad
674 833 820 901 praemium
834 827 947 883 Miltiadi
962 831 1084 884 tributum
1096 851 1150 885 non
1162 833 1272 902 pertinet
1281 836 1320 900 id,
1335 838 1404 908 quod

236 976 241 984 Ι
285 913 389 969 Plinius
401 915 493 978 reiert,
504 915 571 967 Hist.
585 912 642 965 Nat.
658 913 765 979 XXXV,
775 916 801 976 8,
814 909 941 983 praelium
953 911 1144 967 Marathonium
1159 933 1172 967 a
1184 916 1313 981 Panaeno,
1326 918 1404 971 fratre

284 994 400 1065 Phidiae,
418 1013 473 1049 esse
486 994 598 1067 pictum,
611 1012 660 1046 nec
677 993 747 1067 quod
769 994 900 1058 Aelianas,
924 994 969 1064 qui
986 992 1130 1067 Polygnoto
1145 996 1240 1050 celebri
1262 996 1403 1051 admodum

284 1080 379 1150 pictori
397 1077 513 1133 eiusdem
530 1078 632 1150 generis
657 1095 721 1148 opus
738 1077 766 1128 in
783 1075 883 1130 Poecile
911 1077 1011 1145 tribuit;
1028 1077 1057 1131 hi
1074 1081 1145 1134 enim
1171 1079 1223 1132 duo
1240 1079 1332 1133 multis
1348 1090 1404 1151 post

283 1177 398 1232 pugnarn
414 1158 606 1214 Marathoniam
620 1160 695 1211 annis
715 1158 842 1229 pingendi
862 1167 917 1212 arte
942 1158 1129 1214 inclaruerunt.
1145 1166 1304 1216 Renovatam
1320 1162 1405 1232 potius

283 1251 342 1313 post
357 1243 504 1298 combustas
518 1262 532 1296 s
548 1246 634 1299 Xerse
651 1239 774 1304 Athenas,
788 1261 833 1295 seu
848 1242 927 1296 etiam
940 1243 1076 1314 repetitam
1090 1244 1131 1297 bis
1146 1243 1285 1316 pictoribus
1301 1261 1403 1315 pugnae

283 1323 461 1380 Marathoniae
474 1326 588 1380 tabulam
605 1323 694 1377 credo.
705 1324 880 1378 Confirmatur
894 1323 954 1377 inde
969 1325 1007 1393 id,
1023 1326 1093 1399 quod
1114 1327 1203 1382 asserit
1220 1324 1317 1382 Plinius
1334 1323 1352 1378 l.
1369 1342 1404 1390 c.,

283 1429 399 1465 mmmae
410 1412 569 1482 antiquitatis
581 1427 635 1463 esse
651 1406 718 1479 apud
733 1407 903 1462 Athenienses
916 1419 996 1463 artem
1011 1412 1144 1484 pingendi,
1162 1421 1188 1465 et
1205 1421 1305 1465 mature
1318 1429 1361 1464 eos
1371 1409 1404 1463 ad

282 1491 385 1546 culmen
399 1494 556 1565 pervenisse,
570 1494 605 1547 ita
622 1494 717 1543 utiam
735 1489 882 1553 Candaulis,
899 1492 918 1543 i.
934 1511 958 1544 e.
974 1494 1078 1549 Romuli
1095 1504 1194 1558 aetate,
1220 1493 1332 1566 Olymp.
1350 1496 1382 1545 22
1391 1531 1401 1556 ,

282 1576 416 1629 manilesta
433 1577 510 1630 suerit
522 1577 583 1629 artis
600 1571 702 1625 claritas
715 1582 792 1642 atque
804 1572 940 1627 absolutio.
954 1575 1026 1628 Dicit
1048 1577 1157 1643 Plinius,
1175 1579 1331 1642 Panaenum,
1346 1577 1401 1629 sra-

250 1692 252 1697 ·
282 1666 351 1711 trem
368 1659 484 1726 Phidiae,
504 1656 630 1730 praelium
656 1653 850 1708 Marathoniam
867 1654 987 1724 pinxissee
1017 1676 1027 1708 v
1038 1658 1110 1712 Adeo
1135 1661 1188 1712 iam
1205 1660 1320 1714 colorum
1344 1677 1404 1713 usrts

284 1754 296 1788 Ι
315 1741 507 1810 percrebuerat,
521 1738 636 1804 adeoque
650 1734 814 1802 arspersecta
836 1742 900 1797 erat,
923 1738 996 1787 utin
1022 1756 1053 1788 eo
1076 1737 1176 1807 praelio
1192 1739 1304 1792 iconicos
1328 1738 1405 1791 duces

283 1836 297 1872 s
318 1823 429 1893 pinxisse
449 1819 571 1879 tradatur,
597 1815 792 1870 Atheniensium
818 1815 976 1877 Miltiadem,
994 1816 1198 1881 Callimachum,
1222 1807 1403 1891 Cynegiruni,

282 1920 295 1956 s
313 1904 485 1958 harbarorum
500 1903 590 1952 Datim
604 1908 629 1950 et
644 1899 865 1968 Artaphernem
884 1896 1021 1967 Quomodo
1038 1898 1145 1968 pingere
1158 1901 1284 1967 potuisset
1295 1901 1403 1964 artilex,

277 1985 384 2039 Periclis
396 1992 477 2036 aetate
494 1981 600 2044 florens,
615 1997 716 2051 pugnae
730 1979 905 2033 Marathoniae
922 1978 999 2031 disces
1013 1981 1136 2042 iconicos,
1147 1981 1197 2032 nisi
1211 2000 1271 2033 eum
1282 2000 1399 2052 praeces·

278 2069 354 2120 sisset
371 2067 462 2135 pictor,
480 2079 581 2133 pugnae
609 2059 647 2112 illi
672 2061 802 2114 coaevus?
824 2062 896 2113 Hanc
922 2061 1036 2131 picturae
1063 2058 1244 2132 antiquitatem
1259 2081 1306 2115 nec
1324 2062 1402 2115 video

278 2145 437 2196 observatam
454 2141 730 2195 acommentatoribus
746 2142 869 2206 Cornelii,
883 2159 931 2194 nec
947 2140 1008 2193 satis
1021 2140 1179 2195 vindicatam
1197 2141 1229 2193 ah
1246 2142 1306 2197 artis
1325 2143 1401 2196 huius

278 2225 408 2279 historicis
422 2223 624 2289 recentioribus,
642 2224 687 2295 qui
703 2223 887 2294 praestantiora
904 2223 1007 2293 quaeris
1021 2222 1053 2275 ad
1066 2221 1172 2276 Periclis
1186 2233 1294 2278 aetatem
1305 2224 1401 2278 reierre

276 2303 369 2360 solent.

315 2389 374 2443 Vll.
388 2387 482 2442 Chabr.
497 2390 555 2468 l,5.
570 2393 596 2441 2:
617 2386 793 2457 o0hnisoque
805 2405 875 2458 genu
891 2396 972 2451 scuto,
998 2387 1162 2458 proiectaque
1184 2389 1255 2440 hosta
1271 2390 1399 2458 impetum

279 2486 292 2522 a
307 2469 424 2539 excipere
436 2468 550 2523 hostium
565 2470 663 2525 docuit.
679 2469 704 2538 5.
719 2474 744 2522 3.
759 2471 813 2520 Hoc
829 2486 910 2538 usque
928 2488 959 2522 eo
977 2477 1028 2521 tota
1038 2468 1146 2521 Graecia
1160 2467 1227 2519 sama
1239 2467 1399 2521 celebratum

279 2569 291 2602 s
307 2561 355 2616 est,
370 2559 399 2604 ut
413 2548 460 2604 illo
472 2559 539 2604 statu
559 2551 684 2603 Chabrias
697 2549 745 2603 sibi
762 2557 872 2604 statuam
890 2549 949 2602 fieri
971 2547 1091 2614 voluerit,
1104 2566 1170 2619 quae
1191 2547 1295 2620 publice
1319 2549 1343 2602 ei
1368 2548 1400 2603 ab

278 2651 290 2684 n
303 2629 506 2687 Atheniensibus
523 2631 551 2685 in
564 2631 622 2686 soro
638 2631 774 2685 constituta
788 2641 835 2684 est.
846 2633 886 2684 Ea
899 2648 951 2702 quo
963 2631 1059 2683 factum
1074 2638 1121 2693 est,
1133 2638 1161 2682 ut
1176 2638 1263 2700 postes
1278 2629 1399 2696 athletae,

280 2731 292 2766 a
308 2717 439 2786 ceterique
447 2715 574 2779 artifices,
593 2714 633 2767 his
648 2713 757 2766 statibus
769 2713 797 2765 in
813 2713 904 2766 statuis
923 2711 1050 2784 ponendis
1076 2720 1227 2776 uterentur,
1251 2712 1279 2765 in
1305 2711 1400 2782 quihus

278 2811 291 2847 n
307 2796 444 2854 victoriam
459 2804 544 2850 essent
554 2794 671 2866 adeptis
685 2793 816 2866 Exscripsi
827 2793 913 2846 locum
923 2802 1020 2858 totum,
1033 2812 1084 2864 quo
1096 2790 1196 2846 Pacilius
1207 2792 1399 2864 dignoscantur,

280 2896 347 2948 quae
363 2879 397 2934 G.
413 2879 450 2934 E.
463 2879 571 2950 lessing
586 2876 793 2949 ingeniosissime
805 2885 994 2930 commentatus
1010 2884 1049 2929 est
1062 2875 1110 2929 sub
1122 2881 1202 2930 finem
1216 2875 1276 2930 libri
1289 2879 1338 2943 sni,
1353 2879 1400 2950 qui

275 2959 393 3014 laocoon
406 2960 566 3014 inscribitur.
580 2958 714 3029 Quidquid
728 2958 761 3011 de
777 2957 852 3012 bonis
869 2956 963 3012 litteris
977 2966 1003 3010 et
1016 2958 1112 3011 artibus
1123 2957 1225 3029 scripsit
1236 2960 1399 3030 praestantis·

275 3043 355 3096 simus
372 3041 426 3110 vir,
437 3061 499 3096 cum
511 3061 564 3113 quo
590 3043 617 3095 in
635 3041 720 3115 prima
741 3038 912 3094 adolescentia
937 3041 1029 3095 intima
1046 3039 1222 3095 familiaritate
1248 3043 1399 3096 coniunctus

275 3125 338 3189 viai,
355 3125 417 3198 lego
435 3144 495 3178 cum
508 3125 620 3181 maxima
634 3124 774 3196 voluptate.
787 3124 914 3177 Eminent
928 3124 998 3177 enirn
1016 3124 1044 3177 in
1062 3143 1102 3187 eo,
1128 3143 1192 3197 quae
1215 3143 1273 3178 raro
1296 3125 1323 3177 in
1346 3143 1399 3177 uuo

275 3208 403 3277 scriptore
416 3208 553 3261 coniuncta
571 3207 699 3271 invenias,
713 3203 825 3258 eruditio
842 3203 892 3256 late
906 3214 1002 3274 patens,
1016 3222 1149 3258 summurn
1163 3204 1264 3275 ingenii
1278 3222 1397 3269 acumen,

275 3304 370 3358 magna
382 3287 410 3338 iu
422 3286 630 3358 argumentando
640 3285 689 3349 vis,
703 3284 838 3357 mirusque
852 3284 971 3338 dictionis
983 3286 1060 3338 nitor.
1074 3283 1263 3338 Celeberrimos
1279 3282 1322 3337 W
1319 3284 1398 3338 inlel-

276 3367 419 3421 monnesio
432 3387 509 3439 opere
519 3386 566 3422 suo
580 3367 613 3420 de
627 3376 681 3420 arte
689 3365 836 3436 pulchriore
846 3374 1036 3420 commentatus
1048 3363 1143 3418 eratde
1152 3364 1305 3435 Borghesio,
1317 3383 1397 3436 quem

273 3447 357 3521 vulgo
370 3449 518 3519 perhibent,
529 3450 682 3521 gladiatore.
696 3451 784 3502 Statua
792 3447 838 3502 illa
849 3448 977 3520 praeclara
988 3446 1078 3501 multis
1089 3444 1198 3499 inlibris
1212 3445 1398 3514 aeriinseulpta

273 3527 392 3587 habetur.
412 3530 575 3602 Conspicitur
592 3530 673 3585 etiam
696 3530 800 3600 egregia
818 3529 872 3582 eius
893 3531 990 3600 effigies
1007 3545 1103 3599 gypsea
1120 3536 1207 3580 nostra
1224 3528 1252 3579 in
1270 3526 1352 3593 urbe,
1369 3528 1396 3580 in

275 3628 330 3667 sace
347 3612 612 3684 Charlottoburgeusi.
624 3612 735 3682 Negavit
747 3608 972 3674 Winkelmsnnus,
987 3629 1040 3663 esse
1053 3608 1231 3679 gladiatorem,
1245 3619 1299 3679 aut,
1309 3619 1340 3661 tat
1352 3607 1399 3662 alii

278 3693 380 3761 volunt,
392 3696 552 3761 discobolum,
566 3691 676 3747 credidit
687 3710 740 3746 esse
751 3691 877 3757 militem,
891 3694 936 3764 qui
947 3692 1040 3746 virtute
1048 3709 1104 3756 sua,
1114 3700 1243 3760 statuque,
1255 3709 1306 3760 quo
1317 3690 1397 3744 hostis

277 3773 404 3847 impetum
417 3777 528 3848 excepit,
536 3785 646 3829 statuam
659 3773 792 3827 meruerit.
805 3773 948 3843 Lessingius
957 3781 1065 3825 statuam
1080 3771 1163 3837 illam,
1173 3789 1324 3842 comparans
1334 3790 1396 3824 earm

275 3854 382 3927 liepotis
395 3859 580 3931 descriptione,
598 3874 675 3928 mam
698 3873 773 3927 sopra
789 3851 880 3917 attuli,
905 3852 1002 3908 iudicat
1028 3863 1220 3923 repraesentare
1249 3853 1394 3907 Chabriam.

275 3935 365 3991 Vnum
383 3940 481 3995 obstare
500 3941 612 3995 videtur.
626 3942 732 3993 Sursum
746 3945 817 3990 tenet
827 3934 905 3988 miles
921 3934 968 3988 ille
981 3943 1093 4000 scutum,·
1112 3954 1192 4007 quum
1213 3934 1323 4006 Nepotis
1344 3933 1393 3988 de·

275 4020 381 4090 scriptio
394 4023 494 4078 habeat:
506 4025 609 4077 Oboixo
623 4041 692 4093 genu
705 4028 787 4084 scuto,
801 4019 963 4091 proiectaque
981 4018 1059 4074 hasta.
1071 4017 1123 4072 Sed
1135 4019 1177 4072 vir
1186 4017 1348 4072 doctissimus
1358 4017 1395 4071 its

277 4096 515 4171 interpungendum
528 4102 622 4156 credit:
633 4102 737 4156 Oboiao
751 4118 831 4174 geno,
845 4108 928 4164 scuto,
940 4099 1103 4172 proiectaque
1117 4098 1197 4153 hasta.
1215 4100 1309 4170 Attigit
1320 4115 1394 4152 eam·

276 4177 339 4233 dem
354 4198 412 4234 rem
426 4183 454 4236 in
467 4181 519 4237 alio
536 4181 614 4247 libro,
628 4186 672 4254 qui
688 4183 844 4238 inscribitur:
858 4181 1053 4254 Antiquarisabe
1075 4182 1175 4256 Briefe.
1189 4182 1274 4235 Potest
1287 4180 1376 4252 utique
1383 4219 1394 4244 ,

276 4263 301 4325 si
316 4262 366 4340 rit,
377 4262 550 4337 inirrptmctio
565 4265 732 4338 uesstneisae
746 4266 841 4326 hahere
853 4263 951 4338 lotam
964 4265 1018 4327 eat
1038 4264 1060 4325 si
1075 4264 1104 4324 id
1130 4283 1184 4325 non
1210 4264 1302 4344 detor,
1324 4261 1395 4321 baud
