3352 5572
36 420 44 426 ·
135 474 193 538 12
480 467 682 532 CORNELII
713 467 894 533 NEPOTIS

124 681 228 755 vicus
248 689 326 769 est,
344 675 499 771 Tacito,
526 672 662 766 Plinio,
680 673 917 767 Cassiodoro,
935 690 975 753 et
994 678 1188 756 Antonino
1206 683 1248 762 in
1372 678 1390 703 ⁸

126 798 326 872 Itinerario
343 808 590 884 memoratus,
610 788 803 896 hodieque
829 791 1102 872 ecclesiasticae
1128 800 1249 874 Vero-

124 917 297 991 nensium
317 911 569 988 iurisdietioni
588 908 773 986 subditus.
791 911 1001 988 Historicus
1020 914 1082 988 bio
1099 917 1249 991 Cicero·

126 1035 185 1108 nis
213 1034 352 1106 amicus
379 1026 572 1135 familiaris
599 1055 621 1100 a
648 1025 771 1103 Gellio
798 1045 957 1104 vocatur
981 1027 1047 1105 lib.
1064 1032 1145 1122 XV,
1164 1059 1247 1139 cap.

132 1153 192 1227 28.
211 1150 398 1226 Chronica
424 1149 636 1251 scripsisse,
666 1147 773 1221 testis
799 1165 856 1222 est
881 1147 982 1223 idem
1009 1146 1154 1225 Gellius
1180 1151 1249 1229 lib.

125 1271 285 1359 XXVII,
311 1292 394 1368 cap.
412 1292 472 1342 21.
498 1267 544 1341 In
566 1266 623 1342 bis
637 1292 710 1370 pro
731 1263 872 1369 triplici
894 1283 1085 1370 tempore,
1109 1263 1248 1372 ἀδήλῳ,

126 1387 267 1487 putiani,
293 1381 347 1459 καὶ
374 1385 523 1488 ἱστορικῷ
550 1382 784 1485 (dequibus
812 1411 859 1459 ex
889 1386 1062 1460 Varrone
1087 1401 1126 1459 et
1146 1384 1248 1477 aliis,

124 1499 301 1576 librode
331 1517 410 1575 arte
429 1501 620 1591 historica,
647 1494 857 1600 diximus),
882 1517 960 1577 tres
976 1500 1130 1576 videtur
1147 1505 1245 1583 scri·

124 1621 241 1724 psissc
262 1616 395 1714 libros,
419 1645 461 1693 ac
480 1617 635 1722 singulis
653 1618 775 1701 unius,
786 1621 967 1723 temporis
993 1621 1250 1696 narrationem

126 1760 206 1811 esse
235 1732 463 1836 complexus.
496 1735 593 1809 Sane
627 1750 703 1808 tres
733 1732 850 1809 libros
882 1732 1013 1808 fecisse
1043 1738 1248 1839 Nepotem,

124 1850 266 1952 quibus
280 1877 391 1928 omne
409 1877 545 1926 aevum
565 1849 910 1954 comprehenderit,
925 1849 1072 1952 liquido
1090 1867 1249 1929 testatur

123 1967 294 2045 Catullus
326 1970 433 2042 initio
466 1965 881 2071 hendecasyllaborum.
912 1966 994 2044 Nec
1027 1967 1248 2046 historicum

124 2102 275 2190 tempus
302 2085 349 2159 ab
368 2114 411 2161 eo
438 2085 559 2159 solum
582 2110 661 2159 esse
681 2100 895 2173 tractatum,
914 2082 1056 2162 indicio
1077 2102 1134 2160 est
1152 2083 1250 2160 illud

124 2204 305 2280 Ausonii:
336 2235 362 2270 c<
379 2200 570 2304 Apologos
598 2202 758 2291 Titiani,
789 2217 828 2276 et
857 2203 1014 2305 Nepotis
1037 2202 1249 2294 Chronica,

124 2323 235 2423 quasi
255 2320 348 2396 alios
375 2318 557 2424 apologos
578 2319 700 2422 (nam
721 2335 758 2393 et
785 2322 866 2424 ipsa
892 2321 1010 2394 instar
1034 2317 1250 2395 fabularum

123 2435 267 2536 sunt),
285 2437 333 2512 ad
354 2435 589 2511 nobilitatem
609 2453 713 2511 tuam
732 2436 862 2511 misi.»
886 2436 981 2510 Item
1000 2463 1048 2511 ex
1065 2463 1124 2526 eo,
1144 2437 1250 2541 quod

126 2550 386 2628 Tertullianus
419 2555 458 2627 in
490 2551 736 2657 apologetico
770 2552 949 2630 adversus
986 2572 1115 2655 gentes
1145 2555 1250 2657 (ubi

125 2696 212 2744 eum
234 2672 332 2745 inter
359 2672 629 2771 antiquitatum
649 2689 962 2749 commentatores
986 2671 1156 2748 disertim
1183 2700 1246 2748 re·

124 2785 263 2892 ponit)
289 2787 401 2878 dicit,
421 2787 525 2861 haud
543 2785 648 2860 aliud
674 2790 894 2876 Saturnum,
912 2818 1027 2891 quarn
1046 2792 1250 2879 hominem,

126 2902 394 3007 promulgasse.
422 2901 533 2994 Quod
548 2904 660 2974 etiam
674 2902 893 2977 Lactantius
906 2904 1024 2980 tradit
1040 2905 1107 2980 lib.
1120 2909 1150 2997 I,
1166 2931 1250 3011 cap.

131 3025 189 3097 13.
210 3019 377 3118 Reliquit
392 3033 585 3120 praeterea
600 3016 720 3091 libros
740 3015 950 3094 Illustrium
963 3026 1141 3114 virorum,
1156 3054 1252 3127 quo-

125 3165 211 3212 rum
231 3133 378 3209 Gellius
406 3135 577 3208 meminit
604 3133 671 3211 lib.
700 3132 766 3230 Xl,
792 3161 875 3241 cap.
903 3139 941 3229 8,
971 3147 1010 3212 et
1032 3140 1185 3216 Servius
1211 3146 1253 3216 in

123 3251 315 3332 taeneid.
333 3255 475 3326 Eorum
493 3249 630 3325 librum
647 3254 677 3340 1,
695 3254 768 3327 XV
786 3273 824 3331 et
841 3257 928 3330 XVI
944 3257 1034 3328 citat
1052 3253 1252 3334 Charisius.

125 3374 182 3446 Ex
201 3371 259 3445 his
280 3368 462 3444 habemus
484 3370 617 3471 viginti
638 3367 734 3442 duos
755 3387 968 3444 exterarum
987 3374 1157 3474 gentium
1174 3376 1248 3449 im·

125 3505 334 3594 penatores.
354 3487 497 3562 Ceteris
517 3485 625 3561 libris
645 3487 762 3588 egisse
782 3484 828 3560 de
845 3489 1034 3581 Romanis,
1049 3492 1144 3566 haec
1170 3494 1251 3568 eius

125 3605 242 3682 verba
268 3602 477 3684 ostendunt
509 3606 550 3677 in
577 3622 745 3681 extrema
770 3603 987 3682 Hannibalis
1014 3609 1111 3683 vita:
1139 3609 1253 3685 «Sed

126 3748 196 3798 nos
224 3739 370 3828 tempus
388 3739 446 3799 est
462 3723 575 3798 huius
595 3721 683 3796 libri
700 3720 828 3798 faeere
846 3719 980 3815 finem,
1000 3740 1040 3800 et
1065 3727 1252 3802 Romano·

25 3838 29 3845 ’
125 3868 211 3917 rum
240 3841 432 3944 explicare
459 3844 726 3948 imperatores;
755 3847 765 3892 ⁴
796 3865 876 3943 quo
909 3838 1079 3934 facilius,
1101 3842 1251 3920 collatis

114 3975 377 4058 'utrorumque
404 3957 530 4057 sactis,
549 3961 618 4064 qui
644 3959 714 4036 viri
735 3956 980 4060 praeferendi
1006 3961 1099 4052 sint,
1131 3964 1252 4066 possit

158 4180 201 4248 (t)
215 4179 245 4232 In
260 4177 354 4249 quibus
367 4187 423 4231 erat
431 4187 457 4231 et
470 4178 551 4233 Iulius
558 4182 660 4245 Caesar,
712 4179 817 4249 ginibus
834 4198 940 4246 rerum,
967 4200 992 4252 p.
1011 4188 1056 4269 ,Νι
1078 4180 1209 4251 tScripsit
1225 4186 1252 4232 el

124 4260 333 4319 tetteGulielmo
350 4263 494 4332 Postregico
507 4264 661 4332 Veronensi,
713 4262 773 4318 Iulii
790 4266 860 4317 Caes.
875 4266 955 4317 vitam
977 4274 1004 4320 et
1022 4274 1155 4338 tempora,
1177 4263 1251 4324 cuius

125 4350 232 4416 nonne
245 4345 424 4423 quartidecimi
437 4345 542 4418 saeculi,
554 4350 595 4404 De
604 4349 663 4404 Ori·
713 4350 786 4408 lusit
803 4351 969 4426 temporibus.
984 4372 996 4406 a
