3352 5572
642 463 743 524 vrrs
841 482 846 505 ι
1200 428 1256 526 13

139 669 347 755 indicari.»
377 670 513 772 Operis
546 671 627 744 eius
652 667 820 773 genuina
844 666 1042 772 inscriptio
1072 682 1178 772 patet
1212 694 1262 747 es

138 790 281 872 ultimis
307 788 409 863 hisce
434 785 682 893 praefationis
702 787 846 863 verbis:
872 789 1035 882 «Quare
1052 785 1098 861 ad
1120 813 1265 892 propo·

138 913 251 988 situm
269 907 475 999 veniemus,
494 906 593 979 etin
610 901 685 979 hoc
706 929 939 1004 exponemus
960 901 1061 978 libro
1080 928 1185 979 varas
1202 930 1265 979 ax·

139 1048 368 1105 oauusuruu
394 1048 701 1098 amensamens.»
725 1024 882 1098 Praeter
900 1023 1147 1128 imperatores
1165 1047 1265 1098 seor·
1286 1037 1288 1047 ⁴

139 1171 224 1223 sum
249 1164 422 1218 exarasse
448 1138 591 1215 librum
619 1138 668 1214 de
697 1139 886 1242 Regibus,
915 1154 1137 1238 argumento
1171 1136 1266 1215 haec

139 1274 267 1350 erunt,
285 1284 386 1364 quae
407 1258 654 1334 Timoleontis
672 1259 773 1334 vitae
793 1255 942 1334 subdit:
960 1259 1043 1332 «Hi
1062 1256 1143 1333 fere
1157 1254 1265 1333 fuere

139 1377 322 1454 Graeciae
334 1377 457 1478 gentis
473 1376 601 1465 duces,
619 1377 684 1475 qui
704 1377 883 1471 memoria
903 1377 1007 1478 digni
1025 1372 1266 1464 videbantur,

140 1509 296 1603 praeter
313 1497 455 1596 Reges:
475 1521 640 1600 namque
654 1520 718 1572 eos
737 1496 925 1599 attingere
938 1492 1146 1586 noluimus,
1160 1490 1267 1598 quod

141 1614 312 1689 omniurn
330 1638 391 1688 res
409 1630 533 1714 gestae
551 1617 751 1718 separatim
770 1630 859 1689 sunt
877 1611 1032 1689 relatae.
1060 1614 1195 1714 Neque
1213 1628 1267 1687 ta·

142 1757 230 1808 men
256 1730 296 1805 hi
323 1727 528 1807 admodum
545 1748 634 1807 sunt
652 1731 804 1807 multi.»
829 1733 989 1807 Externi
1007 1733 1268 1832 imperatores,

143 1873 241 1953 quos
258 1845 463 1941 habemus,
481 1851 631 1925 Aemilii
658 1877 738 1927 esse
764 1849 881 1926 Probi
900 1878 923 1926 a
950 1849 1076 1925 multis
1096 1844 1267 1923 credun·

143 1980 219 2041 tur.
243 1967 319 2062 Qui
338 1992 448 2042 error
466 1969 554 2043 inde
572 1971 770 2073 provenit,
790 1966 895 2070 quod
920 1966 1080 2042 librario
1096 1965 1136 2040 id
1154 1964 1272 2041 fuerit

144 2107 311 2174 nomen,
337 2085 404 2185 qui
434 2085 527 2159 vitas
554 2112 636 2175 eas,
664 2087 803 2190 partim
830 2111 917 2176 sua,
941 2087 1079 2188 partim
1097 2084 1214 2188 patris
1233 2093 1273 2155 et

148 2202 277 2275 matris
289 2226 405 2275 manu
424 2202 597 2304 scriptas,
616 2201 832 2280 Theodosio
847 2199 996 2275 obtulit.
1011 2203 1093 2274 Hoc
1111 2202 1163 2273 ita
1181 2222 1272 2288 esse,

150 2315 357 2393 ostendunt
374 2319 572 2411 versiculi,
598 2321 666 2422 qui
683 2323 768 2397 vitis
786 2319 863 2393 istis
890 2318 1082 2422 praemitti
1107 2318 1149 2391 in
1169 2314 1272 2392 MSS.

150 2431 354 2511 solentne
373 2463 445 2513 nec
456 2435 668 2525 Aemilium,
688 2462 759 2511 nec
775 2435 1029 2512 Theodosiani
1048 2437 1129 2510 aeri
1144 2459 1273 2536 quem·

150 2578 285 2654 quam,
315 2579 448 2629 eorum
476 2582 555 2631 esse
581 2551 768 2630 librorum
796 2571 1013 2646 auctorem,
1046 2551 1197 2628 abunde
1219 2578 1274 2625 ar·

149 2671 231 2771 guit
258 2696 357 2773 pura
389 2689 428 2746 et
457 2675 625 2747 Romana
655 2672 785 2750 dictio.
822 2675 1011 2777 Opinetur
1037 2669 1201 2771 aliquis,
1229 2684 1274 2743 ut
1351 2690 1355 2698 ·

149 2786 301 2890 Trogus
319 2788 366 2862 ab
383 2791 542 2882 Iustino,
558 2793 610 2866 ita
629 2791 677 2864 ab
697 2789 868 2881 Aemilio,
883 2793 949 2894 qui
970 2788 1042 2866 sub
1060 2785 1275 2863 Theodosio

150 2903 265 2994 vixit,
290 2905 332 2978 in
360 2904 628 3010 compendium
652 2933 732 2984 csse
759 2905 956 2982 redactum
974 2905 1171 3010 Nepotem.
1199 2898 1275 2975 Sed

150 3014 257 3093 aliud
275 3019 409 3097 suadet
427 3026 554 3129 operis
573 3026 829 3118 concinnitas,
848 3040 886 3099 et
906 3021 969 3098 illa
989 3017 1190 3127 praefandi
1207 3045 1272 3092 ra-

149 3135 225 3234 tio,
251 3163 349 3239 quae
377 3156 434 3215 est
456 3142 498 3214 in
515 3140 800 3244 Epaminondae
822 3143 919 3233 vita,
948 3167 992 3215 ac
1019 3143 1060 3214 in
1089 3133 1276 3239 Pelopida

148 3252 342 3354 inprimis,
367 3255 436 3353 ulpi
465 3257 689 3334 brevitatem
708 3261 846 3334 iustam
863 3255 1082 3363 pollicetur.
1103 3259 1276 3330 Attamen

150 3375 340 3449 sententia
358 3372 465 3467 haec,
484 3373 573 3450 licet
593 3402 767 3470 erronea,
794 3380 919 3451 minus
939 3372 1099 3475 periculi
1120 3370 1278 3463 habeat,

151 3483 359 3564 dummodo
395 3508 502 3565 extra
536 3496 833 3594 controuersiam
868 3509 1041 3583 maneat,
1078 3486 1280 3562 Aemilium

152 3605 280 3681 omnia
307 3604 356 3680 de
381 3610 590 3711 purissimis
609 3613 768 3717 Nepotis
785 3608 955 3686 fontibus
970 3607 1149 3682 hausisse.
1178 3601 1279 3679 Sanc

153 3717 324 3796 Tulliani
350 3747 428 3800 esse
455 3728 535 3804 aevi
561 3729 807 3830 scriptorem,
833 3753 962 3831 neque
996 3723 1136 3814 alium,
1164 3747 1281 3827 quarn

153 3838 356 3942 Nepotem,
376 3856 457 3916 tum
471 3860 645 3921 veterum
665 3844 814 3952 aliquot
840 3843 1027 3920 librorum
1051 3838 1195 3916 indicio
1215 3864 1282 3913 co·

155 3962 369 4059 gnoscitur3
397 3978 478 4038 tum
504 3967 629 4058 etiam,
655 3964 763 4072 quod
783 3962 832 4038 ad
849 3962 1098 4066 Pomponium
1115 3962 1283 4035 Atticum

156 4075 294 4177 (cuius
310 4078 410 4155 idem
427 4100 560 4180 rogatu
577 4083 717 4160 devita
735 4084 887 4159 Catonis
901 4082 1041 4157 librum
1054 4078 1170 4180 fecit)
1183 4080 1282 4154 vitae

155 4191 250 4270 istae
270 4195 504 4279 scribantur:
522 4216 734 4305 utcumque
753 4198 795 4274 id
811 4202 853 4276 in
871 4214 1010 4306 quarto
1027 4194 1283 4275 Miscellanea-

158 4335 243 4391 rum
269 4342 424 4399 suorum
440 4337 554 4425 neget
572 4321 828 4438 Hierouytntu
848 4322 1011 4427 Magius,
1026 4320 1093 4424 qui
1109 4319 1194 4423 ipsa
1208 4312 1282 4396 No·
