3352 5572
730 444 945 521 Dh'l'hblESr
1289 455 1382 523 201

273 622 555 741 cossairetur.
570 653 657 731 Huc
666 638 906 729 Mithridates
924 677 1009 728 cum
1018 677 1111 746 uno,
1123 656 1185 731 cui
1197 654 1392 735 maximam

271 775 432 857 hahebat
449 773 574 871 fiens,
587 789 675 848 ante
687 773 831 875 aliquot
842 769 923 847 dies
941 775 956 825 ²
978 774 1094 862 venit,
1113 771 1391 878 compluribus·

273 922 349 999 que
370 891 463 970 locis
482 891 683 1005 seppratim
704 888 849 992 gladios
867 887 1017 981 obruit,
1039 916 1160 993 eaque
1180 889 1279 967 toea·
1297 890 1386 966 dili·

205 1031 212 1044 ·
271 1016 404 1117 genter
419 1023 542 1087 notat.
561 1010 646 1111 lpso
666 1023 790 1081 autem
801 1005 1046 1109 colloquendi
1062 1008 1136 1100 die,
1154 1010 1323 1114 utrique,
1336 1006 1392 1083 lo·

248 1209 249 1213 ,
271 1158 357 1207 cum
377 1132 441 1231 qui
461 1125 717 1232 explorarent,
736 1141 846 1226 atque
866 1127 966 1228 ipsos
986 1144 1261 1218 scrutarentur,
1278 1133 1293 1180 ³
1314 1128 1392 1202 mit·

271 1264 368 1325 tunt.
399 1243 548 1323 Deinde
568 1246 638 1349 ipsi
659 1258 749 1319 suut
768 1246 970 1345 congressi.
993 1246 1062 1320 Hic
1080 1273 1200 1349 quum
1219 1243 1393 1347 aliquan·
1499 1299 1505 1313 .

196 1346 208 1369 ⁸
271 1365 335 1440 diu
344 1365 383 1439 in
395 1361 589 1466 colloquio
611 1352 826 1450 fuissentet
839 1358 1005 1438 divorsi⁴
1025 1361 1292 1455 discessissent,
1305 1365 1393 1438 iam·

273 1510 348 1588 que
367 1479 506 1588 procul
524 1483 695 1557 Datames
714 1478 878 1569 abesset3
898 1461 1150 1573 Mithridires,
1167 1483 1391 1587 priusquam

273 1599 321 1675 ad
337 1626 425 1675 suos
444 1598 674 1704 perveniret,
692 1623 872 1698 nequam
891 1600 1141 1698 suspicionem
1171 1617 1333 1700 pareret,
1350 1599 1393 1674 iu

274 1716 452 1867 eumdcrp
472 1714 609 1794 locum·
625 1716 841 1805 revertitur,
870 1731 983 1819 atque
999 1714 1068 1810 ihi,
1089 1714 1158 1792 ubi
1178 1715 1297 1793 telum
1313 1732 1394 1793 erat

330 1864 345 1893 .

307 1962 350 2028 (2)
371 1959 440 2013 Ante
462 1959 558 2029 aliquot
581 1957 643 2011 dies.
664 1958 725 2011 Non
748 1958 809 2012 satis
860 1967 916 2011 turn
926 1959 995 2012 inter
1004 1960 1090 2014 fascias
1099 1971 1208 2032 gereret,
1217 1959 1394 2016 scrutatori-ab

275 2055 390 2099 accurate
410 2043 537 2112 Nepotem
561 2042 604 2096 hic
628 2041 742 2097 locutum
756 2059 811 2095 esse
863 2041 996 2095 Ariarathe
1013 2045 1085 2113 regin
1098 2063 1171 2098 more
1187 2045 1283 2110 misso,
1306 2047 1393 2098 curio·

275 2135 364 2180 monet
382 2125 507 2194 bremius,
525 2143 608 2197 quum
633 2138 713 2179 nesus
730 2134 756 2178 et
769 2124 813 2177 la·
861 2123 913 2175 sius
930 2125 1013 2178 imum
1030 2134 1149 2178 ventrem
1163 2127 1337 2197 pertrectanti,
1350 2122 1395 2191 sit,

278 2209 327 2262 tini
339 2184 467 2261 tiemonis
479 2208 581 2262 indoles
593 2210 706 2282 requirat
717 2211 812 2281 aliquot
862 2223 965 2266 caveret
986 2231 1018 2266 ne
1039 2211 1110 2267 aliud
1139 2213 1219 2268 telum
1244 2213 1399 2278 inveniret,
1432 2240 1440 2251 „

251 2293 363 2353 adiebus
379 2304 446 2356 astte,
463 2295 522 2363 quia
545 2291 609 2346 illud
636 2292 753 2363 respiciat
769 2291 810 2346 lo·
863 2313 939 2364 quarn
972 2307 1114 2368 quaereret.
1142 2296 1211 2365 sSic
1235 2296 1398 2370 paedagogus

279 2386 414 2449 quentem,
428 2376 477 2430 hoc
494 2394 550 2430 rem
564 2387 701 2432 narratam.
714 2376 812 2431 Notan-
862 2380 995 2452 Sarpedon
1006 2382 1171 2436 Catonemad
1185 2381 1287 2454 Syllam
1296 2399 1398 2452 semper

278 2461 328 2516 dus
345 2473 414 2517 certe
429 2460 533 2517 videtur
548 2461 591 2517 hic
607 2462 685 2517 loeus.
699 2466 761 2516 Tss.
778 2491 813 2543 τ
862 2481 996 2519 excussum
1013 2464 1223 2529 addimitvaler.
1237 2465 1342 2520 Maxim.
1353 2464 1400 2533 ΙΙΙ,

280 2543 376 2600 Obns's.
390 2549 472 2600 Terra
485 2545 580 2618 operit,
590 2545 733 2600 abscondit.
863 2553 892 2613 3,
907 2556 931 2602 3.
943 2552 1000 2603 lma
1017 2569 1048 2602 ex
1066 2559 1192 2622 perpetuo
1202 2559 1274 2605 metu
1287 2549 1398 2604 Alexan-

313 2633 356 2701 (3)
367 2631 451 2701 Atque
468 2633 533 2701 ipsos
551 2644 722 2686 cantarentur.
742 2628 811 2687 Nol·
863 2632 910 2686 rler
917 2633 1044 2689 Pheraeos
1055 2653 1109 2688 non
1123 2635 1194 2707 prius
1204 2653 1231 2688 se
1241 2632 1306 2694 lecto
1314 2632 1397 2687 uraris

278 2715 335 2771 lum
345 2716 505 2790 colloquium
517 2734 633 2789 unquam
644 2716 814 2771 commissum
862 2717 971 2772 Thisbes
982 2717 1161 2773 committebat
1175 2736 1253 2790 quam
1267 2717 1398 2789 astipato·

277 2805 335 2858 aine
351 2803 511 2867 excursione,
524 2819 568 2856 seu
586 2803 753 2864 scrutatione,
766 2818 811 2852 an·
864 2803 934 2887 effus
951 2802 1091 2874 diligenter
1104 2812 1171 2858 esset
1185 2811 1316 2856 scrutatus.
1333 2803 1397 2854 ltesn
1491 2840 1507 2867 ,,

157 2913 160 2919 ·
277 2890 382 2959 liquitur
395 2887 462 2951 luit,
480 2905 513 2940 ue
530 2888 589 2959 quis
609 2887 690 2940 sicam
710 2884 813 2940 aliudve
863 2891 1004 2964 Dionysius
1020 2893 1137 2964 superior
1152 2893 1270 2946 neutrius
1283 2908 1397 2963 unquam

278 2972 360 3026 telum
373 2971 475 3026 occulto
492 2972 609 3025 abditum
627 2969 685 3024 loco
699 2972 812 3041 stringe·
863 2976 917 3029 sive
935 2975 1122 3029 Aristomaches
1139 2977 1329 3048 Syracusanae,
1341 2978 1397 3029 sive
1507 3012 1515 3030 .

277 3068 327 3126 ret;
340 3057 409 3129 quod
423 3058 507 3111 Latini
519 3062 635 3120 scrutari,
645 3069 813 3127 praetentare,
863 3059 995 3114 Chloridis
1021 3060 1172 3123 Locrensis,
1200 3059 1248 3112 nisi
1280 3079 1398 3115 excussae

277 3153 353 3213 atque
369 3155 489 3207 excutere,
502 3140 594 3194 Graeci
605 3141 751 3216 iEspsurq'ta,
767 3140 809 3193 ls-
863 3142 1027 3219 complexum
1042 3146 1128 3216 petiit,
1136 3154 1165 3197 ut
1179 3146 1256 3197 relect
1269 3143 1338 3198 idem
1352 3145 1398 3207 IX,

276 3228 351 3281 rtlssa
370 3235 396 3280 et
416 3225 571 3281 tmratcrm
592 3223 730 3293 appellant.
746 3221 813 3277 Vide
865 3235 968 3294 t3,ext.
982 3240 1005 3298 4.
1020 3230 1105 3283 Garun

280 3317 387 3368 Sueton.
405 3311 524 3373 Claudio»
540 3329 597 3382 2⁸1)-
606 3312 716 3365 XXXV·
730 3310 811 3362 Stru‘
844 3356 850 3369 .
875 3326 878 3331 '
898 3317 941 3383 (t)
955 3315 1059 3369 Diversi
1072 3315 1249 3367 discessissent.
1265 3315 1293 3364 ln
1311 3310 1398 3368 diver·

281 3401 344 3452 tatio
360 3406 447 3449 autem
469 3395 514 3448 ista
531 3394 610 3449 fiebat
633 3412 679 3465 per
702 3392 814 3447 delectos
864 3417 902 3451 sas
918 3409 1011 3469 partes,
1023 3398 1088 3452 alter
1104 3399 1165 3461 huc,
1186 3397 1250 3450 alter
1274 3395 1344 3469 illuc.
1361 3398 1400 3450 lta

267 3477 392 3536 ⁸invicem
409 3482 543 3550 utriusque
560 3480 648 3549 partis.
665 3479 742 3532 Verbi
759 3498 814 3548 gra·
864 3484 933 3554 apud
945 3483 1008 3537 Sall.
1021 3485 1073 3554 lug.
1087 3483 1239 3536 Lxxxvm
1262 3482 1399 3552 rAtrepes

279 3569 329 3632 tia,
346 3567 460 3619 Datamis
473 3563 588 3618 delectus
602 3563 745 3618 excutiebat
758 3563 815 3617 Mi·
864 3569 908 3621 ubi
926 3568 958 3623 de
979 3569 1094 3623 adventu
1111 3567 1187 3620 Marii
1204 3574 1398 3636 coguoveruntp

280 3652 428 3718 thridatem,
445 3661 471 3706 et
483 3663 572 3706 eontra
583 3649 659 3704 huius
669 3650 815 3723 explorator
865 3654 960 3708 divorsi
978 3655 1005 3707 in
1018 3652 1087 3708 locos
1102 3645 1215 3705 difficilia
1225 3649 1349 3703 abeunte
1363 3679 1398 3692 -

210 3812 213 3817 Ι
280 3741 424 3793 Datamem.
442 3739 487 3792 lsti
510 3738 595 3790 cilicio
609 3735 746 3790 destinatos
763 3737 813 3789 Po·
866 3739 1002 3799 Simulare,
1016 3758 1044 3792 se
1056 3738 1219 3823 quiddamw.
1231 3737 1343 3791 oblitum.
1354 3736 1399 3793 Sic

280 3825 388 3899 lyaeuus
405 3834 479 3879 vocat
495 3822 633 3893 ἀγγέλους,
644 3822 690 3894 qui
708 3840 760 3875 uon
775 3839 814 3875 so·
865 3826 959 3897 possim
972 3823 1158 3878 obliviscitum
1174 3823 1317 3876 accusativo
1329 3839 1400 3876 usur·

281 3909 335 3965 lum
351 3918 433 3963 vestes
448 3907 648 3981 pertractabant,
659 3904 703 3960 sed
715 3907 815 3976 penitus
858 3917 936 3980 pant.
964 3912 1014 3964 sEt
1035 3907 1173 3960 artificium
1198 3903 1396 3962 obliviscatum

281 3994 458 4061 detrahebant.
466 3996 548 4048 Docet
560 4011 603 4047 me
621 3993 670 4046 hoc
690 3990 815 4063 Polyaeu.
865 3991 917 4047 Cic.
929 4009 976 4061 pro
989 3990 1079 4044 Roscio
1091 3993 1181 4044 Amer.

281 4086 326 4148 111,
344 4083 373 4137 in
389 4081 528 4152 Iphicrate,
548 4097 647 4135 comm.
668 4084 711 4141 tt,
725 4087 752 4132 et
768 4077 813 4134 lib.

282 4171 339 4233 vlt,
355 4169 382 4222 in
398 4164 521 4223 Mithrid.
538 4184 637 4220 comm.
655 4173 678 4218 t.
691 4166 749 4218 lust.
767 4162 814 4220 lib.
867 4162 983 4235 Quisqtat's
995 4180 1030 4226 es,
1043 4163 1146 4214 omissos
1161 4160 1219 4214 hirc
1234 4165 1287 4215 iam
1305 4162 1398 4217 ollivi-

282 4251 428 4318 xxxvttt,
446 4257 471 4302 t.·
492 4249 655 4304 sSollieitato
670 4251 765 4304 iuvene
783 4248 815 4302 sd
840 4232 848 4251 ⁰
1295 4246 1396 4301 Graios.

283 4330 456 4410 colloquium,
474 4355 558 4411 quum
582 4336 681 4393 terrum
697 4335 811 4423 occulta
1042 4333 1116 4409 virg.
1128 4263 1284 4402 heusiffi
1296 4352 1323 4391 a.
1336 4338 1394 4393 tlt.
