3352 5572
179 433 273 537 1²4
348 340 378 403 ο
608 444 856 511 secretiore

169 654 344 750 Socrate,
366 652 414 731 de
433 681 512 758 quo
530 655 763 760 mentionem
781 651 872 728 facit
891 650 1001 730 Plato
1020 653 1062 729 in
1079 612 1294 762 dymposio·

171 776 340 879 Namque
357 770 608 853 eum'induxit
623 776 993 863 commemorantem,
1003 799 1043 848 se
1054 750 1308 879 pernoctasse

46 922 68 944 ‹·
172 919 260 970 cum
276 895 441 989 Socrate,
460 885 710 995 nequealiter
723 885 771 960 ab
792 914 838 964 eo
855 891 1070 985 surrexisse,
1089 920 1133 970 ac
1152 892 1252 970 filius
1270 924 1293 970 a

171 1024 330 1115 parente
344 1010 530 1087 debuerit.
548 1008 564 1062 ³
582 1011 833 1109 Posteaquam
848 1007 1067 1084 robustior⁴
1085 1028 1142 1088 est
1157 1009 1234 1101 sect

172 1153 253 1206 non
270 1133 393 1205 minus
413 1125 551 1204 multos
573 1125 728 1214 amavit3
748 1125 970 1230 inquorum
990 1154 1144 1219 amore,
1164 1034 1309 1234 quoa

170 1243 316 1321 licitum
349 1262 426 1336 est,
458 1243 587 1318 odiosa
620 1238 739 1316 multa
765 1240 922 1325 delicate
948 1246 1152 1350 iocoseque
1179 1247 1293 1323 fecit:

173 1386 269 1461 quae
287 1363 545 1461 referremus,
558 1359 629 1432 nisi
647 1362 791 1436 maiora
810 1360 1039 1465 potioraque
1057 1361 1293 1441 haberemus.

143 1462 178 1524 ⁰-
222 1476 287 1551 ΠΙ.
314 1475 420 1551 Bello
445 1473 793 1581 Peloponnesiaco,
813 1484 824 1528 ⁴
847 1475 974 1552 huius'
990 1476 1150 1585 consilio
1180 1495 1294 1581 atque

78 1675 80 1679 ,
171 1595 395 1669 auctoritate
415 1593 663 1671 Athenienses
690 1589 834 1668 bellum
864 1593 1108 1698 Syracusanis
1133 1594 1287 1673 indixe-

171 1726 265 1786 runt
275 1738 285 1801 ;
314 1708 364 1786 ad
380 1708 488 1814 quod
505 1707 715 1814 gerendum
736 1706 912 1814 ipsudux
930 1706 1100 1785 delectus
1119 1717 1188 1785 est.
1205 1712 1293 1787 Duo

152 1878 154 1883 .
170 1844 370 1932 praeterea
379 1829 545 1933 collegae
564 1827 639 1903 dati
651 1831 684 1920 ,²
702 1828 826 1903 Nicias
837 1824 1162 1911 etLamachus.Id
1174 1856 1292 1933 quum

171 1964 434 2053 apponeretur,
453 1949 685 2055 priusquam
697 1944 976 2075 classi'xiret,
990 1940 1139 2038 accidit,
1157 1963 1201 2021 ut
1215 1973 1292 2023 uua
1441 2039 1445 2068 1

173 2083 287 2145 nocte
308 2092 438 2144 omnes
457 2066 660 2158 Hermae,³
680 2060 748 2167 qui
767 2063 810 2140 in
829 2060 973 2169 oppido
994 2054 1106 2140 eran't
1122 2064 1292 2159 Athenis,
1371 2077 1373 2080 ’

152 2309 230 2369 ραις
255 2320 286 2356 ex
315 2299 412 2372 quibus
434 2246 559 2355 multaie
572 2312 648 2351 enum
663 2296 711 2352 Ti·
761 2293 872 2362 babuit,
888 2292 983 2369 lataque
999 2294 1132 2351 amoribus
1145 2295 1216 2351 iocos
1232 2313 1295 2350 mo·

175 2399 282 2439 meeum
292 2375 712 2452 enuntietnAagypumteta·
761 2377 820 2445 vit,
853 2377 952 2434 nedum
985 2377 1097 2481 odium,
1118 2387 1149 2436 ut
1172 2379 1300 2447 decebat,

126 2510 131 2517 -
175 2468 211 2525 de
234 2467 353 2533 trauaiit,
376 2465 406 2522 ut
428 2465 529 2521 audiret
549 2462 711 2532 nardum,
735 2506 739 2515 .
762 2462 915 2519 concitaret.
1174 2502 1177 2507 .

38 2564 48 2585 '
114 2602 117 2608 ,
172 2552 262 2626 ibique
279 2551 359 2606 libror
369 2548 574 2622 Moaebclegiaae
586 2546 712 2603 uedttm
795 2551 840 2623 (t)
853 2549 1161 2623 Ballol’elopomealm.
1169 2551 1298 2609 Archida-

173 2635 291 2692 Deceaeit
303 2653 384 2690 annue
400 2644 477 2689 natus
492 2650 575 2687 unum
592 2641 619 2686 et
634 2634 729 2686 otto-⁸
762 2634 849 2689 mhrm
864 2652 970 2708 quoque
993 2633 1044 2689 boc
1065 2635 1168 2691 bellum
1181 2645 1298 2692 emtor.

152 2763 154 2767 ,
174 2720 264 2792 glute,
281 2719 388 2785 morbo,
410 2719 449 2773 uti
470 2716 576 2791 quidam
588 2713 652 2771 talao
667 2716 708 2769 le·
761 2717 830 2772 Vide
850 2718 976 2789 Suidam3
993 2719 1122 2775 Plutarch.
1137 2723 1166 2775 in
1179 2720 1297 2791 Pericle;

140 2820 145 2833 ·
173 2814 245 2870 runt,
262 2802 411 2875 pediculari.
420 2802 494 2857 Adeo
501 2814 589 2858 autem
597 2800 626 2854 in
636 2800 710 2855 omui
762 2796 912 2875 Thucydid.
926 2803 964 2857 ill
973 2844 984 2870 ,
1003 2814 1026 2858 t.
1041 2806 1081 2857 De
1094 2803 1210 2874 damno,
1227 2803 1298 2878 quod

175 2887 369 2960 dieckiliuarum
387 2906 481 2959 genere
489 2928 499 2954 ,
517 2896 544 2947 at
560 2883 711 2958 praesertim
763 2886 889 2942 Greeeiae
897 2885 991 2950 attulit,
1001 2885 1061 2943 vide
1069 2889 1298 2954 Pauuniaaevtlt

174 2975 203 3030 ln
217 2972 376 3045 philosophia
396 2971 534 3038 excelluit,
556 2979 587 3024 ut
606 2969 711 3023 dirioua
762 2975 804 3026 ⁵2.
818 3001 852 3013 -
863 2972 944 3025 Huiua
961 2973 1075 3028 comitio.
1097 2972 1251 3031 Oreticoem
1264 2972 1299 3028 de

55 3090 58 3095 ·
175 3055 250 3112 Plato
261 3065 287 3109 et
297 3055 508 3128 pbilosophorum
525 3058 653 3108 Homerua
665 3070 711 3104 vc·
761 3054 811 3109 boc
825 3054 895 3109 bello
909 3055 1023 3111 habitam
1034 3052 1138 3111 elbibet
1146 3056 1300 3132 Thucydid.

174 3141 295 3217 caluerit.
307 3143 381 3193 Hunc
391 3139 469 3193 deurn
478 3139 607 3210 praedicat
618 3138 711 3191 Cicero
761 3141 811 3205 Vl,
826 3145 866 3194 45.
881 3142 1006 3212 -Atque
1016 3145 1171 3197 mortuo.
1183 3143 1292 3197 Dissua-

174 3224 208 3278 de
220 3218 309 3279 ilatur.
325 3226 404 3278 Deor.
419 3225 453 3288 11,
471 3229 512 3277 tt.
531 3221 709 3277 Platonem·
763 3223 840 3279 debat
853 3227 935 3291 enim,
944 3237 1055 3299 utsupra
1067 3228 1189 3292 diximus,
1201 3227 1297 3283 nictu.

175 3311 256 3385 gistru
274 3326 337 3362 usus
353 3305 569 3371 esthriatotelee,
583 3315 612 3359 ut
626 3303 712 3359 etalii
795 3311 837 3378 (2)
869 3309 928 3362 Duo
947 3323 1076 3381 praeterea
1099 3311 1212 3384 collegae
1232 3310 1298 3366 dau.

174 3393 340 3452 celeberrimi
359 3393 474 3448 vicine
495 3411 548 3462 quo
568 3391 622 3446 vid.
636 3390 711 3462 plura
763 3392 850 3445 Vnum
872 3390 1014 3466 aliquando
1035 3392 1122 3448 clasaia
1138 3395 1299 3467 praelectum

174 3481 241 3551 apud
259 3478 544 3551 PlutDiogemLadrt.
561 3485 587 3529 et
603 3477 708 3529 Cicero·
762 3495 842 3549 peaes
854 3487 910 3532 eret
921 3478 1071 3550 imperium,
1082 3478 1152 3551 quud
1168 3481 1293 3553 hequen-
1379 3506 1403 3541 ‚·

174 3583 247 3620 nem.
762 3571 802 3616 ter
811 3579 871 3616 cum
883 3560 1001 3634 collegis,
1019 3564 1076 3632 pari
1089 3571 1215 3636 potestate
1227 3582 1301 3637 prae·

207 3651 251 3719 (3)
268 3647 356 3720 Neque
366 3647 446 3725 ,etur
465 3647 497 3702 al
514 3665 544 3700 eo
560 3646 711 3712 euresius,
762 3645 840 3713 ditis,
858 3664 888 3701 ea
901 3647 1000 3702 scilicet
1012 3665 1100 3715 cauea,
1116 3646 1298 3717 dividebatur,

174 3754 204 3786 ac
218 3735 292 3805 filine
310 3755 328 3788 a
348 3749 452 3804 parente
467 3733 588 3787 debuerit.
611 3730 710 3786 Notum
762 3750 796 3785 ne
812 3732 917 3805 imperii
940 3751 1069 3788 summam
1089 3734 1153 3798 uui,
1168 3734 1191 3788 ei
1208 3732 1300 3789 domi·

173 3814 240 3871 illud
261 3819 374 3872 Petronii
398 3820 427 3873 iu
447 3816 580 3890 satyrico,
603 3833 624 3869 c.
642 3821 710 3870 1282
762 3815 893 3870 nationem
905 3817 1048 3884 affectaret,
1064 3816 1206 3872 infeliciter
1220 3834 1297 3873 cum·

177 3899 250 3954 allon
264 3912 318 3955 tarn
332 3902 443 3957 intactus
451 3899 597 3955 Alcibiades
603 3899 630 3955 in
639 3918 712 3972 prae·
763 3900 896 3954 mitterent
903 3923 913 3966 3
927 3898 972 3955 sed
986 3902 1042 3956 eius
1058 3901 1226 3975 cupiditetea,
1239 3898 1299 3957 ccl·

175 3987 285 4057 ceptoris
295 3986 335 4038 eui
350 3984 445 4040 lectulo
461 3987 512 4041 suit
525 4006 549 4039 r.
666 4036 668 4041 ,
761 3980 827 4053 legia
840 3981 948 4048 additis,
970 3985 1135 4055 cohiberent,
1148 3983 1217 4041 Plut.
1237 3982 1297 4040 Ate.

208 4071 251 4137 (4)
269 4068 410 4124 Robustior.
431 4073 521 4139 Mate
539 4069 710 4127 adultiori·
795 4069 838 4136 (ὃ)
851 4068 971 4121 Hermu.
982 4069 1024 4124 Ab
1035 4075 1132 4140 Ερμῆς,
1146 4069 1298 4125 Mannum

175 4152 211 4208 In
223 4172 327 4226 qarorum
339 4170 425 4206 amore
432 4192 440 4217 ‚
454 4157 538 4226 quoad
549 4156 647 4211 lienum
660 4167 695 4209 m
701 4196 710 4222 ,
761 4151 865 4205 Stutuae
873 4149 987 4223 lapideae
1000 4152 1146 4224 quadratae,
1154 4163 1180 4208 et
1193 4152 1227 4207 ad
1238 4151 1298 4225 cubi

173 4246 226 4293 etc.
239 4242 270 4292 lu
283 4254 394 4309 quorum
412 4256 518 4306 amore,
533 4239 651 4310 quandiu
664 4258 710 4294 ae·
762 4238 872 4310 ligurem
893 4236 1084 4307 conformatae,
1100 4241 1156 4295 eine
1175 4238 1298 4294 manibus

171 4320 326 4392 tanlictth,
339 4321 426 4381 minua
439 4320 547 4379 tramete
557 4322 710 4396 pudicitiam
760 4333 788 4383 et
801 4323 917 4398 pedibus,
934 4343 1002 4419 quae
1014 4325 1047 4383 in
1055 4323 1161 4431 aedlm
1173 4336 1228 4385 ιω
1243 4325 1299 4405 μὶ.
