3352 5572
97 486 105 503 ·
178 420 250 525 ab
483 453 670 521 uorrmt
688 451 957 523 nrrrtssnn

173 665 288 739 mnes
303 656 421 739 edidit
436 656 495 738 CL
512 658 781 761 Heusingerus,
792 656 988 759 Gymnasii
998 654 1126 737 euelt
1140 661 1303 754 Rectus,-

176 774 224 851 ad
244 772 384 855 calcem
403 774 597 857 Theodori
625 771 674 849 de
690 774 843 867 Metris,
860 788 900 847 et
914 772 1053 876 Nepoti
1074 772 1294 853 vindicavit.

175 891 231 967 Ea
254 893 398 995 reperit
422 893 465 968 in
493 894 652 991 antiquo
675 886 768 969 cod.
802 888 1028 964 Orationem
1057 887 1291 994 Philippica·-

154 1032 260 1108 ,rum
284 1010 498 1104 Ciceronis,
520 1008 562 1083 in
592 1005 701 1082 cuius
728 1005 850 1111 primo
876 1006 1015 1108 pagina
1038 1007 1222 1111 scriptum
1240 1023 1305 1087 eat.

174 1126 296 1229 ptimo
312 1123 730 1237 elogiumcloquentiae
747 1123 939 1199 Ciceronis
956 1124 1206 1220 eLaetantio,
1220 1152 1291 1201 no·

175 1243 344 1319 minetim
369 1245 586 1328 orationum
603 1237 928 1343 Philippicarum
956 1242 1064 1341 eique
1083 1239 1302 1343 subiectum

174 1354 282 1435 alind
306 1382 393 1441 cnm
421 1359 497 1435 hoe
523 1356 655 1435 titulos
687 1353 882 1433 Cornelius
908 1355 1038 1457 Nepos
1059 1358 1100 1433 in
1126 1344 1222 1439 libro
1247 1359 1299 1439 dc

5 1524 18 1549 .
175 1473 359 1563 historicis
384 1473 544 1556 Lenius
568 1477 657 1553 Non
682 1472 888 1551 abhorrere
917 1460 1248 1579 boeossiragmenta
1274 1503 1302 1554 a

176 1591 345 1699 Nepotis,
363 1609 431 1671 aut
444 1593 585 1675 seculi
573 1594 680 1670 istius
694 1589 932 1682 charactere,
946 1590 1117 1697 disputat
1135 1618 1215 1672 non
1232 1596 1303 1671 im«
1415 1599 1420 1605 ”

178 1707 439 1810 probabiliter.
463 1713 544 1791 Nec
571 1727 697 1828 tamen
723 1705 885 1787 audeam
913 1734 987 1814 pro
1015 1725 1122 1787 certo
1149 1706 1303 1816 aliquid.

181 1826 397 1908 decernere.

434 2063 583 2168 Scripta
600 2062 862 2168 Nepotisabo
887 2062 1042 2143 erbam
1148 2136 1151 2144 .

226 2299 255 2375 1.
270 2296 389 2389 Liber
405 2300 453 2376 de
482 2295 582 2375 Viris
599 2297 813 2396 ilbrstribus,
830 2297 1016 2402 incipieus
1030 2324 1053 2375 a
1072 2298 1194 2375 Proca
1210 2322 1302 2402 rege

179 2408 429 2508 Albanorum,
452 2441 533 2492 non
549 2430 604 2491 est
623 2417 802 2518 Nepotis,
824 2438 895 2491 nec
909 2410 1023 2489 Plinii
1041 2411 1213 2509 secundi,
1228 2438 1301 2499 ue-

178 2555 254 2632 qno
270 2532 416 2623 Aemilii
435 2530 562 2623 Probi,
581 2556 652 2606 nec
669 2531 855 2622 Suetonii,
873 2556 945 2607 neo
958 2531 1112 2609 Asconii
1126 2529 1298 2620 Pediani,

177 2669 248 2733 nec
266 2647 384 2725 Taciti
396 2647 576 2752 denique,
593 2647 661 2725 sed
679 2649 822 2725 Aurelii
835 2649 1012 2745 Victoris,
1031 2649 1134 2724 utin
1151 2645 1300 2727 Victore

180 2758 312 2855 dicam.
337 2765 495 2871 Saepius
518 2782 641 2842 tamen
658 2766 727 2841 sub
745 2767 900 2868 Nepotis
919 2769 1145 2841 nominoest
1156 2761 1295 2852 editus,

181 2896 219 2955 et
236 2880 552 2960 confidentissime
571 2880 728 2988 quidem
746 2910 768 2955 a
786 2879 979 2983 Raphaele
998 2881 1138 2984 Eglino
1151 2880 1300 2974 leonio,

163 2996 325 3107 ‘Tiguri
345 3025 447 3076 anno
469 3000 583 3098 1600,
608 3001 644 3096 8,
670 2998 743 3073 hoe
762 2994 894 3073 titulot
923 3028 949 3064 c<
960 2997 1126 3073 Cornelii
1146 2997 1303 3101 Nepotis

180 3111 228 3190 de
242 3114 340 3190 Viris
357 3113 567 3194 illustribus
576 3115 688 3208 liber
704 3114 960 3190 additamento
973 3140 1018 3190 ex
1032 3114 1140 3190 MSto
1151 3132 1297 3206 anctus;
1390 3180 1394 3185 .

180 3231 342 3312 antehac
374 3226 530 3310 Aemilio
547 3233 694 3324 Probo,
710 3248 811 3334 post
838 3231 1021 3307 Suetonio
1048 3226 1300 3331 Tranquillo,

180 3346 387 3427 diutissime
406 3350 446 3426 C.
465 3347 589 3427 Plinio
602 3347 765 3427 Caecilio
782 3345 963 3438 secundo,
981 3371 1107 3449 nuper
1119 3348 1204 3422 Sex.
1223 3349 1301 3457 Auf

181 3467 275 3549 relic
297 3469 462 3559 Victori,
483 3493 588 3543 nunc
611 3463 761 3542 liberali
780 3490 889 3543 causa
911 3465 1071 3545 Auctori
1088 3481 1300 3549 assertus.»¹

181 3586 366 3689 Equidem
385 3589 577 3663 Victorem
595 3613 617 3662 e
636 3552 791 3689 Nepotis
810 3609 926 3688 opere
942 3583 992 3660 de
1019 3583 1120 3660 Viris
1137 3581 1297 3660 illustri·

181 3698 252 3775 bus
278 3705 425 3779 multa
414 3731 456 3779 m
475 3698 580 3777 hunc
600 3726 707 3775 suum
726 3697 899 3775 libellum
919 3698 1118 3790 derivasse,
1139 3699 1302 3793 libenter.

181 3817 270 3893 viris
289 3817 408 3897 doctis
430 3823 632 3939 amenum
661 3815 728 3892 sed
757 3842 892 3894 verum
912 3835 1106 3895 auctorem
1127 3845 1173 3894 ex
1195 3818 1299 3903 MSS.

181 3930 354 4008 codicum
381 3934 454 4011 fide
475 3939 572 4011 etA.
594 3932 738 4007 Schotti
766 3937 997 4036 argumentis
1015 3933 1300 4010 existimandum

183 4074 262 4128 esse
280 4050 471 4131 Victorem
488 4049 591 4126 houd
607 4018 755 4124 dubito.
776 4049 854 4125 Sub
867 4053 1025 4156 Nepotis
1042 4052 1192 4125 nomine
1211 4074 1298 4151 pro

181 4166 251 4242 diit
271 4168 381 4242 etiem
399 4167 636 4263 Germanice,
654 4163 894 4268 Argentorati
912 4165 1297 4260 1535,t01.unacum

52 4363 55 4367 ,
181 4280 370 4364 Sallustio.
