3352 5572
604 480 611 495 ·
689 445 908 530 anteriore
1304 414 1366 546 93

249 670 354 732 ctum
369 668 455 746 est,
483 679 604 760 quum
622 656 664 729 iu
683 655 878 731 communi
898 651 1017 728 classe
1034 655 1051 704 4
1069 659 1171 730 esset
1186 656 1369 734 Griseciae

249 770 365 852 simul
384 799 471 855 curn
485 775 693 866 Pausania,
719 771 920 874 quu'duce
946 769 1168 873 Mardonius
1197 791 1277 848 erat
1305 773 1378 850 fu·''

248 904 377 997 gatus,
411 908 455 967 ut
483 918 626 972 summa
645 892 795 995 imperii
815 890 991 964 maritimi
1023 918 1043 963 a
1062 889 1368 967 Lacedaemoniis

248 1007 524 1092 transferretur
537 1009 586 1087 ed
605 1008 871 1085 Athenienses:
887 1011 902 1057 ⁵
922 1034 1098 1112 namque,
1111 1026 1196 1083 ante
1215 1007 1259 1084 id
1270 1024 1366 1085 tem·

249 1151 343 1231 pus,
357 1143 396 1200 et
408 1128 560 1204 mari-et
577 1142 677 1202 terra
689 1123 815 1202 duces
835 1123 1264 1219 crantLacedaemonii3
1290 1142 1375 1201 tum·

251 1259 376 1353 sptem
403 1260 442 1319 et
467 1245 760 1348 intemperantia
778 1245 1039 1333 6Pausaniae,
1066 1260 1103 1318 et
1122 1245 1274 1320 iustitia
1295 1241 1382 1332 irs-s

251 1355 356 1439 ctum
377 1379 434 1439 est
451 1360 648 1450 Aristidis,
672 1378 717 1437 ut
736 1385 866 1438 omnes
887 1357 968 1434 fere
997 1361 1165 1438 civitates
1191 1350 1380 1439 Graeciae·
1433 1454 1436 1458 ⁸

252 1476 302 1553 ad
328 1477 613 1556 Atheniensium
632 1481 847 1554 societatem
876 1502 915 1551 se
948 1474 1207 1580 applicarent,
1231 1494 1271 1555 et
1298 1478 1368 1555 ad·

252 1621 382 1675 versus
415 1595 599 1673 barbaros
625 1595 696 1672 hos
721 1592 838 1669 duces
865 1591 1075 1698 deligerent
1100 1593 1188 1685 sibi,
1214 1593 1378 1699 quoia·

256 1713 365 1791 cilius
391 1713 645 1821 repellerent,
672 1717 702 1790 si
729 1711 829 1789 forte
856 1710 1000 1787 hellum
1027 1739 1211 1789 renovare
1231 1714 1244 1761 ⁷
1265 1741 1375 1791 cona·

256 1849 404 1908 rentur.
950 1922 962 1941 ·

307 1948 374 2024 111.
401 1948 461 2025 Ad
477 1945 612 2025 classes
638 1944 909 2037 aedificandas,
935 1950 1199 2049 exercitusque
1226 1975 1377 2052 compa·

258 2066 421 2160 raudus,
448 2083 631 2167 quantum
663 2069 851 2170 pecuniae
879 2089 1071 2166 quaeque·
1092 2068 1225 2173 civitas,
1249 2061 1382 2163 dareu,¹

258 2183 441 2259 Aristides
456 2172 634 2257 ¹delectus
653 2183 792 2283 estqui
811 2182 1066 2256 constitueret.
1083 2188 1092 2231 ⁴
1114 2182 1205 2256 Eius
1226 2168 1384 2259 arbitrie

262 2297 528 2402 quadringena
557 2315 596 2375 et
625 2324 811 2400 sexagena
826 2295 967 2372 talenta
984 2299 1001 2347 ²
1020 2300 1226 2400 quotannis
1243 2296 1381 2373 Delum

261 2433 349 2494 sunt
367 2408 515 2492 collata.
533 2412 578 2491 ld
596 2418 694 2491 enim
716 2440 915 2493 commune
941 2416 1128 2490 aerarium
1154 2441 1233 2491 esse
1247 2412 1388 2492 rolue··

261 2606 336 2718 Quod
357 2650 389 2704 de
413 2652 510 2705 Getone
523 2650 627 2704 Sallust.
642 2648 697 2704 car.
716 2650 794 2704 tlte
848 2650 919 2713 vltis,
932 2648 1058 2720 superbit:
1075 2651 1208 2726 deprime.
1227 2651 1292 2708 Vide
1313 2651 1389 2707 rtur:

265 2735 358 2798 ὡκ,
369 2753 449 2806 quem
459 2733 543 2788 rideri
555 2734 638 2788 honus
652 2732 794 2788 malehst.s
847 2764 882 2779 -
895 2735 934 2787 Vt
947 2738 1236 2808 omrressers’er‘vr'tates,
1252 2736 1387 2791 crarta--

260 2847 294 2859 -
308 2820 470 2875 Imrourrtr're
489 2822 609 2876 rrsritiue
633 2820 795 2894 opponitur,

261 2913 290 2955 ut
302 2904 330 2957 iu
347 2905 513 2976 sequentihus
529 2911 618 2976 prtet.‘

258 3053 260 3059 ,
294 2993 336 3062 (t)
351 2989 433 3061 Quum
451 2993 478 3042 irs
489 2994 614 3045 communi
630 2991 725 3055 classe,
747 2999 795 3042 etc.

260 3074 302 3129 Ah
326 3073 529 3131 Atheniensibus
546 3074 598 3127 dux
620 3073 653 3126 rd
678 3072 796 3137 bellum,

261 3158 361 3230 college
372 3160 497 3222 Cimone,
516 3158 618 3216 missus.
634 3155 763 3212 Plutarch.

294 3247 337 3312 (⁵)
353 3243 381 3296 V
383 3255 394 3296 t
418 3260 514 3297 semema
532 3244 628 3306 imperii
643 3245 764 3304 maritimi
779 3260 798 3293 a

261 3329 467 3383 Lacedaemoniis
478 3329 659 3400 transferretur
668 3328 705 3379 ad
716 3326 801 3397 altire-¹

263 3417 367 3467 reienses.
379 3411 410 3465 ld
423 3411 475 3464 istu
492 3419 577 3478 antes,
597 3411 701 3463 incense
714 3411 795 3463 Lme-

263 3479 460 3550 dremoniorttm
487 3492 582 3557 classe,
608 3511 672 3563 quse
696 3501 748 3545 tots
765 3491 798 3544 sd

263 3580 397 3652 Gytheum
404 3577 525 3632 subducta
536 3587 600 3639 erat,
612 3575 799 3632 Themistocles
812 3596 816 3609 ¹

264 3662 348 3717 fuerat
360 3660 529 3718 machinatus.
551 3660 676 3715 Aristides
693 3670 798 3719 eutem.

265 3767 349 3822 quum
363 3747 567 3804 Themistoclem
581 3745 717 3800 consilium
736 3745 800 3798 utile

266 3831 384 3904 quidem,
397 3832 508 3885 minime
525 3830 695 3884 semiustum
713 3827 800 3881 suino

268 3915 384 3986 volvere,
397 3915 496 3971 civibus
512 3914 565 3969 suis
577 3914 725 3985 aperuisset,
738 3931 798 3967 eum

267 4001 385 4074 protinus
408 4001 527 4072 incoepto
550 3999 671 4053 desistere
694 3996 804 4053 iusserat

269 4085 389 4158 populus.
400 4088 448 4150 ltr,
465 4082 534 4156 quod
553 4082 742 4142 Themistocles
759 4101 804 4154 per

270 4171 446 4243 proditionem
463 4169 547 4224 suerst
555 4167 669 4234 molitus,
680 4166 707 4222 id
719 4167 805 4238 aequi·

272 4263 323 4310 trte
340 4263 368 4308 et
384 4253 479 4308 iustitie
495 4251 547 4306 suis
559 4253 658 4324 paravit
670 4247 804 4305 Aristides.

157 4434 160 4443 .
306 4343 350 4413 (t)
359 4337 566 4412 Ιηιὲιιφαωιιία.
578 4336 742 4409 impotentia,
752 4351 807 4392 sse·

847 2819 950 2877 turchos
964 2859 972 2883 ,
986 2821 1015 2874 in
1032 2822 1143 2881 Cimone
1163 2825 1209 2888 vt,
1228 2823 1316 2887 Chios,
1332 2826 1390 2878 er:

847 2902 1055 2970 mior,1.erhios,
1076 2922 1220 2976 eorumque
1233 2907 1316 2960 socios
1339 2925 1387 2962 re·-

848 2999 943 3043 censet.
961 2990 994 3044 Se
1010 2984 1165 3062 applicarent
1177 2982 1288 3045 validius
1302 3000 1391 3067 qusm'

849 3071 1007 3137 accederent,
1024 3083 1105 3127 autse
1121 3083 1310 3135 converterent.
1334 3081 1338 3101 ⁴
1361 3096 1364 3100 ·
1385 3092 1390 3100 ·

883 3160 926 3225 (7)
944 3157 1044 3209 Bellum
1064 3160 1250 3212 renovarent
1274 3176 1342 3214 noro
1358 3168 1385 3213 et
1478 3174 1485 3183 ·

849 3243 951 3312 integro
963 3241 1070 3302 inferre.
1086 3240 1149 3296 Sall.
1163 3245 1219 3315 lug.
1243 3246 1285 3311 tt,
1307 3262 1390 3299 teron·

850 3344 909 3378 vare
920 3326 1051 3396 praelim.

884 3412 927 3478 (i)
947 3410 1071 3482 Quantum
1087 3415 1206 3482 pecuniae
1222 3431 1329 3481 qnam
1344 3417 1391 3468 ei·¹
1495 3436 1498 3441 .

851 3499 917 3548 ritus
928 3495 1014 3558 daret,
1028 3495 1156 3548 Aristides
1173 3494 1280 3548 detectas
1293 3503 1387 3568 estqui

852 3580 1020 3633 constitueret.
1051 3578 1211 3649 Elegantiori
1249 3578 1388 3634 verborum

852 3663 1047 3734 compositione,
1060 3679 1108 3733 pro
1128 3661 1257 3715 Aristides
1279 3663 1390 3718 deterre

854 3760 902 3810 est,
916 3748 959 3817 qui
971 3748 1133 3799 constitueret
1146 3756 1262 3814 quanm
1281 3757 1330 3801 etc.
1347 3748 1389 3802 Ah

853 3830 975 3885 universa
992 3847 1055 3881 vero
1072 3830 1181 3882 Graecia
1204 3825 1320 3884 delectus
1343 3824 1389 3888 eit.

853 3914 919 3969 Vide
932 3911 1062 3967 Plutarch.
1076 3912 1103 3965 in
1117 3912 1241 3967 Aristide.
1351 3932 1355 3938 ·

889 4000 931 4067 (2)
956 3997 1135 4069 Quadringenti
1152 4012 1176 4051 et
1201 4019 1329 4073 magere
1344 4015 1389 4058 ta·

854 4083 932 4134 irrite.
947 4079 1089 4134 Talentum
1097 4090 1184 4136 autern
1195 4087 1302 4138 atticum
1312 4088 1396 4149 nostrl

856 4163 921 4217 aeris
934 4180 1065 4215 summurn
1083 4160 1161 4218 efficit
1179 4171 1257 4232 ⁵‚7to
1270 4168 1303 4221 sr.
1324 4169 1390 4223 Vide

856 4248 990 4316 Letrorrre,
999 4249 1199 4304 Cdrrst'ddratiorts
1212 4269 1253 4304 sur
1268 4252 1305 4308 ies
1316 4272 1388 4310 mou·

856 4338 927 4394 naim
937 4352 1055 4408 mres
1066 4347 1092 4392 et
1108 4340 1245 4393 romaiuer.
