3352 5572
282 468 377 576 144
692 475 992 543 unulstnvtvs

271 717 345 800 pro
362 686 538 764 libertate
564 683 836 787 loquebantur,
857 709 969 784 quam
980 680 1222 787 pugnabant.
1240 681 1338 759 Hine
1354 682 1397 759 iu

272 809 457 885 Piraeeum
476 805 490 852 ⁷
513 803 673 894 transiit,
686 799 1011 904 Munychiamque
1030 801 1202 876 munivit.
1219 800 1326 874 Hanc
1338 797 1398 876 his

269 921 425 1028 tyranni
445 946 670 1026 oppugnare
691 924 781 994 sunt
794 915 931 1008 adorti,
953 916 1000 991 ab
1018 942 1139 1022 eaque
1155 918 1319 1022 turpiter
1337 944 1399 993 re·

269 1042 395 1150 pulsi,
423 1038 600 1144 protinus
632 1039 673 1112 in
707 1033 866 1126 urbem,
893 1035 1006 1109 armis
1042 1035 1399 1142 impedimentisque

271 1160 425 1249 amissis,
454 1155 693 1259 refugerunt.
707 1157 805 1230 Usus
822 1169 878 1229 est
896 1151 1159 1257 Thrasybulus
1177 1181 1257 1231 non
1275 1155 1402 1230 minus

272 1273 491 1382 prudentia,
507 1274 523 1324 ⁸
541 1299 654 1375 quam
674 1269 910 1347 fortitudine.
938 1272 1032 1346 Nam
1063 1270 1240 1347 cedentes
1266 1269 1402 1349 violari

274 1394 445 1468 uetuit:9
463 1392 562 1466 cives
580 1390 678 1465 enim
691 1387 838 1465 civibus
855 1414 1015 1494 parcere
1030 1416 1194 1494 aequum
1212 1387 1401 1464 censebat.

273 1511 410 1609 Neque
426 1507 628 1610 quisquam
647 1523 704 1583 est
721 1504 955 1598 vulneratus,
976 1507 1049 1582 nisi
1067 1508 1135 1610 qui
1156 1507 1260 1612 prior
1278 1508 1402 1610 impu·

274 1651 393 1729 gnare
415 1626 447 1675 ⁴⁰
475 1622 607 1702 voluit.
633 1623 826 1699 Neminem
841 1626 1027 1699 iacentem
1043 1641 1144 1701 veste
1170 1623 1399 1729 spoliaria*⁴

274 1737 331 1817 nil
359 1741 494 1844 attigit,
515 1741 586 1816 uisi
606 1768 720 1832 arma,
738 1718 905 1844 qudrum
923 1739 1134 1842 indigebat,
1155 1756 1195 1815 et
1221 1767 1321 1843 quae
1352 1737 1403 1813 ad

276 1858 416 1936 vietum
428 1856 684 1961 pertinebant.
699 1859 744 1930 In
759 1855 928 1933 secundo
942 1854 1088 1959 proelio
1106 1854 1240 1932 cecidit
1253 1858 1401 1950 Critias,

277 1978 308 2027 ⁴²
320 1974 396 2050 dux
411 1992 674 2077 tyrannorum,
686 2002 806 2078 quum
822 1973 979 2077 quidem
995 1973 1221 2054 exadversus
1235 1975 1403 2079 Thrasy·

275 2092 412 2169 bulum
430 2091 632 2170 fortissime
651 2110 851 2199 pugnaret.

278 2327 368 2398 Carpit
383 2325 424 2379 eui
438 2324 562 2396 temporie
574 2320 706 2395 ignaviam
719 2326 747 2378 in
760 2323 816 2378 bel·
867 2327 933 2377 iuter
947 2341 1003 2375 euos
1020 2324 1117 2390 clanis,
1134 2325 1178 2396 qui
1197 2335 1283 2377 auctor
1295 2320 1405 2377 uidendi

277 2405 312 2465 lie
335 2408 466 2464 civilibus.
489 2411 551 2462 Tzs.
577 2437 608 2450 -
635 2407 737 2461 Fortius
758 2409 817 2461 boni
864 2427 913 2478 pro
927 2404 1087 2479 patriafuit.

277 2511 325 2564 pro
339 2494 451 2547 libertate
463 2491 709 2563 loquebantwquam
720 2511 817 2562 puguu-
902 2494 946 2560 (9)
964 2490 1085 2543 Cedentes
1106 2491 1202 2544 violari
1229 2495 1316 2544 uetuit.
1341 2493 1361 2546 l.
1381 2511 1405 2547 e.

278 2578 418 2632 buotLir.
432 2577 592 2643 xxxma:
624 2575 817 2631 uhtheuieuses
867 2575 927 2629 Nou
950 2575 1131 2631 resistentibus
1154 2578 1209 2632 vim
1229 2577 1323 2631 inferri
1341 2596 1406 2649 pro·

280 2658 372 2714 litteris
393 2659 550 2730 verbisque,
567 2657 662 2730 quibua
683 2658 744 2712 solis
768 2678 815 2712 va·
869 2661 961 2716 hibuit.

279 2742 344 2805 lent,
356 2741 455 2797 bellum
472 2743 594 2798 advertus
608 2740 755 2814 Philippum
769 2760 816 2814 ge·
902 2749 962 2815 (to)
977 2746 1138 2818 impugnare.
1159 2745 1245 2801 Alteri
1264 2748 1347 2800 ictum
1360 2746 1406 2798 lu-

278 2826 400 2880 rebaut.e
869 2832 946 2885 serre.
974 2850 985 2880 ιι
995 2831 1140 2884 Sceleratus
1160 2833 1230 2885 cives
1253 2829 1345 2883 timore
1372 2828 1407 2882 eb

314 2957 358 3022 (7)
374 2953 444 3006 Hm
457 2958 484 3006 in
496 2954 644 3010 Piraeeum·
655 2957 816 3012 Sicmodon
868 2916 1044 2983 impugnando
1073 2917 1154 2983 putria
1183 2914 1340 2967 deterreret
1369 2914 1408 2967 lta

280 3037 353 3099 xlv,
364 3043 407 3090 33.
416 3037 475 3090 Nisi
485 3038 554 3108 quod
569 3039 645 3096 tradit
659 3040 707 3094 hoe
720 3041 817 3096 sactum
871 3001 962 3052 cmm
985 2997 1017 3051 ad
1031 3000 1102 3051 Bm
1120 3016 1160 3069 ‘p‘
1170 2997 1229 3052 Ν

280 3137 336 3174 esse
349 3130 407 3192 post
425 3120 596 3192 irruptionem
609 3121 681 3177 illam
701 3130 812 3180 matuti-

281 3225 342 3260 nam
357 3207 385 3260 iu
399 3217 479 3260 eastra
497 3207 701 3265 adversariorum
710 3253 721 3279 ,
739 3231 816 3284 quem

282 3291 363 3347 modo
374 3291 519 3346 retulimus.

904 3081 1101 3152 (tt)Nemiuem
1117 3086 1241 3137 iacentem
1256 3095 1325 3137 uerte
1346 3103 1406 3155 epo·

867 3168 949 3220 liavit.
963 3167 992 3219 ld
1007 3177 1056 3230 est,
1072 3165 1236 3238 spoliandum
1249 3167 1359 3235 eemuit3
1377 3185 1407 3220 ee

868 3249 969 3305 scilicet
982 3261 1080 3313 mente,
1091 3261 1118 3303 ut
1130 3271 1156 3305 se
1172 3262 1272 3305 tautum
1284 3252 1409 3306 advertus

869 3334 1003 3406 improbos
1020 3345 1046 3386 et
1059 3345 1172 3389 armatos
1189 3354 1303 3409 pugnero
1318 3346 1409 3390 osten-

315 3410 357 3477 (8)
373 3406 436 3463 Nou
455 3412 535 3464 minure
549 3413 693 3484 prudentia.
711 3414 814 3470 Nihilo·
869 3418 951 3487 deret3
967 3420 1082 3490 insuper,
1097 3419 1167 3491 quod
1182 3430 1277 3491 turpe,
1294 3419 1409 3494 sortique

279 3495 368 3546 minut
376 3493 467 3548 Conon
478 3494 674 3568 Thrasybulum
686 3517 700 3550 a
711 3503 818 3555 nomine
869 3503 933 3558 duce
945 3504 1084 3575 indiguum
1095 3516 1175 3558 estex
1186 3509 1296 3560 mortuis
1306 3505 1410 3561 lucrum

281 3579 444 3632 temerarium
458 3580 486 3632 iu
499 3580 630 3649 capiendis
643 3580 759 3636 consiliis
772 3604 818 3656 up·
868 3600 979 3660 captore.
1002 3587 1068 3643 Vide
1084 3587 1260 3659 ,Aristotelem
1283 3590 1358 3644 lletlt.
1375 3592 1408 3644 ll.

282 3661 411 3734 pellebat,
425 3673 454 3717 ut
472 3663 508 3716 ait
521 3662 674 3719 Aristotelea
695 3667 769 3721 lieth.
785 3672 818 3733 ll,
869 3675 996 3729 lucentem
1020 3672 1062 3726 bie
1090 3673 1195 3745 proprie
1211 3673 1245 3728 de
1273 3674 1409 3729 interfecto

280 3749 324 3811 2³,
335 3745 369 3810 ὥς
380 3747 468 3802 Κόνων
482 3747 665 3818 Θρανύὸννλον
679 3749 819 3827 θρασὺὄον·
869 3756 974 3813 dicitur.

279 3827 324 3881 λον
338 3830 431 3887 tatur.
444 3834 498 3885 Hoc
510 3850 572 3884 vero
583 3850 690 3899 nomen,
703 3835 735 3887 ad
747 3837 818 3907 quod
902 3844 963 3908 (tt)
982 3839 1079 3894 Cecidit
1097 3841 1201 3896 Critiae.
1225 3842 1326 3898 Cecidit
1343 3860 1407 3914 pro·

280 3910 368 3966 allusit
381 3915 509 3977 eunome
524 3926 595 3986 patre
610 3918 666 3971 eine
679 3917 759 3972 dubio
772 3939 817 3974 ae·
870 3927 925 3997 prie
943 3924 975 3977 de
990 3926 1129 3980 interiectis
1142 3927 1170 3979 in
1187 3926 1285 3999 praelio
1297 3945 1410 3999 usurpe-

281 4008 382 4067 teperet
407 3999 592 4072 Thrasybulus.
622 4004 704 4058 lluiue
723 4006 818 4076 talpae
871 4016 921 4061 tur.
936 4009 991 4061 lloc
1005 4026 1110 4080 quoque
1125 4010 1152 4064 iu
1167 4009 1238 4064 bello
1256 4010 1348 4065 cecidit
1361 4018 1407 4079 ty·

281 4079 327 4132 aul
342 4080 438 4150 ἀρετὴν
461 4082 579 4140 laudavit
595 4085 728 4159 Pelopidae
751 4090 819 4163 apud
871 4111 966 4147 rannus
979 4094 1183 4165 Hippomechur.
1204 4094 1324 4165 Xenopb.
1336 4096 1361 4147 ll
1375 4092 1409 4145 de

283 4159 352 4215 Plut.
369 4164 421 4217 Hae
439 4184 501 4221 vero
513 4167 588 4223 dotet
601 4170 700 4226 invidia
714 4177 818 4230 temerl·
869 4178 924 4231 reb.
943 4180 1058 4232 Graecis.
1076 4183 1154 4235 Teste
1173 4201 1235 4235 vero
1256 4178 1357 4234 lustiuo
1374 4180 1409 4241 V·

281 4252 362 4300 telem
376 4248 540 4305 vocavitat
552 4254 658 4320 Oroeio.
670 4261 705 4322 11,
723 4267 819 4322 t7.vo-
869 4264 1086 4336 9,tlipp010ehue
1109 4276 1137 4320 et
1158 4265 1258 4332 Critias,
1277 4274 1408 4336 tyranno-

280 4335 406 4410 retur-atr
418 4345 529 4393 mutue
539 4351 563 4395 et
575 4344 676 4414 petierit
687 4343 819 4402 mittitete
868 4365 929 4405 tum
941 4349 1096 4423 uramini,
1106 4350 1260 4410 oewhuett·
