3352 5572
301 459 357 564 14
640 466 842 564 poeninon
868 465 1047 535 meroris

285 678 385 780 potis
401 672 638 782 praefatione
652 675 739 750 setis
752 671 952 749 refellitur.
979 674 1137 753 Accedit
1156 695 1194 752 et
1211 675 1331 756 altera
1348 708 1410 761 ra·

286 796 352 871 tic.
377 795 470 870 Nam
497 792 553 870 his
572 794 615 866 in
640 789 748 866 libris
774 806 818 865 ea
836 789 963 895 legero
993 809 1061 884 est,
1089 818 1187 896 quae
1215 801 1411 903 epochen

286 914 468 1016 seriptum
488 934 567 987 esse
581 907 757 999 clamant,
775 935 854 1012 qno
871 925 1042 1014 tempore
1055 914 1256 1016 Pompeius
1268 921 1412 998 etCae·

285 1052 347 1105 sar
371 1026 458 1134 plus
475 1042 666 1130 poterunt,
693 1052 808 1131 quam
834 1025 953 1100 libera
971 1030 1009 1101 in
1031 1028 1227 1132 republica
1245 1037 1409 1140 expedi.

283 1162 353 1222 ret.
380 1149 434 1220 Ea
456 1144 659 1218 Lambinus
678 1142 762 1220 locu
779 1148 976 1246 congessit,
995 1163 1038 1220 ut
1056 1147 1153 1221 nihil
1172 1152 1330 1230 attinent
1343 1155 1409 1234 illa

283 1264 345 1338 bic
361 1285 559 1364 reponere.
580 1268 590 1311 ⁴
620 1263 698 1337 Nec
718 1260 824 1340 libris
843 1263 921 1338 istis
937 1262 987 1337 de
1007 1267 1106 1341 Viris
1120 1264 1333 1348 illustribus
1346 1296 1409 1352 so·

132 1386 137 1395 '
241 1460 252 1467 ,,
284 1379 361 1455 lunt
372 1395 593 1482 persecutus
613 1379 903 1455 estexcellentes
924 1383 1193 1485 imperatorem
1212 1385 1408 1466 sedetiam

283 1497 656 1573 commentationibus
682 1494 815 1572 claros.
859 1496 973 1591 Quod
1000 1517 1266 1601 argumentum
1286 1507 1408 1610 signat

282 1615 324 1690 B.
345 1615 610 1719 Hieronymus,
631 1616 864 1716 praefatione
891 1614 1214 1719 descriptoribus
1233 1624 1406 1700 ecclesia·

282 1735 395 1824 sticis,
418 1733 482 1808 ubi
500 1735 684 1835 Nepotem
704 1732 805 1806 inter
832 1758 896 1807 eos
922 1731 1053 1826 refert,
1080 1761 1245 1837 quorum
1272 1764 1401 1818 exem·

281 1850 348 1954 plo
369 1866 523 1926 acturus
541 1851 588 1924 sit
605 1849 652 1923 de
675 1851 731 1938 iis,
751 1850 816 1949 qui
837 1849 1039 1924 scribendo
1058 1851 1293 1934 claruerunt.
1320 1862 1405 1964 Egit

282 1983 408 2043 sutem
432 1968 559 2070 Nepos
588 1982 667 2041 tum
699 1965 747 2040 de
768 1967 925 2040 Graecis
951 1970 1218 2067 scriptoribus,
1246 1991 1323 2049 tum
1354 1977 1404 2052 de

279 2084 435 2159 Latinis.
454 2086 508 2157 De
526 2085 692 2171 Graecis,
711 2082 847 2186 colligo
868 2082 970 2175 inde,
989 2085 1094 2186 quod
1115 2091 1153 2161 in
1174 2089 1306 2166 Dionis
1325 2096 1402 2168 vita

277 2204 397 2294 dicat,
423 2199 565 2276 librum
590 2225 630 2275 se
660 2197 791 2275 fecisse
813 2200 861 2276 de
887 2200 1096 2278 illustribus
1123 2205 1327 2285 historicis:
1360 2214 1401 2286 itt

277 2346 357 2424 quo
377 2323 476 2394 inter
495 2315 568 2392 alia
588 2320 759 2392 tractarit
777 2316 825 2392 de
843 2318 1002 2394 Philisto
1030 2320 1221 2399 historico.
1248 2328 1304 2403 De
1321 2329 1397 2403 Ls·

277 2436 393 2526 linis,
425 2448 649 2535 argumento
680 2449 768 2508 sunt
798 2431 974 2536 plurima.
1005 2436 1098 2509 Nem
1134 2435 1183 2511 de
1217 2441 1401 2520 Terentio

277 2555 415 2655 egisse,
435 2576 483 2625 ex
509 2547 689 2624 Suetonio
716 2553 851 2626 scimus
873 2554 912 2627 in
930 2554 1098 2627 Terentii
1128 2556 1229 2645 vita,
1250 2561 1400 2639 Donato

278 2692 476 2774 perperam
498 2665 650 2742 tributu.
667 2667 726 2743 Ad
741 2669 847 2761 baec,
865 2673 1029 2775 primum
1051 2671 1098 2747 de
1117 2677 1191 2747 vite
1206 2673 1401 2758 Ciceronis

276 2786 417 2864 librum
431 2783 575 2862 Gellius
593 2787 684 2861 citut
704 2786 770 2860 lib.
791 2790 875 2877 XV,
891 2813 973 2892 cup.
996 2792 1056 2864 28.
1074 2791 1208 2893 quue
1222 2818 1268 2868 ex
1283 2819 1400 2896 opere

276 2903 530 3007 fragmentum
561 2903 812 3006 Hieronymus
845 2902 954 2977 affert
989 2905 1105 3007 Epist.
1143 2909 1192 2984 ad
1224 2912 1395 2987 Pamma.

275 3024 415 3099 chium.
430 3024 508 3096 Imo
522 3020 720 3097 verisimile
734 3036 801 3113 est,
815 3019 902 3095 inde
916 3045 994 3097 esse
1009 3038 1089 3097 tum
1103 3026 1216 3099 vitam
1230 3029 1274 3104 Τ.
1288 3029 1399 3108 Pom·

161 3169 164 3174 ’
274 3142 381 3248 ponii
403 3140 528 3228 Attici,
555 3165 654 3242 quae
675 3156 817 3230 exstet,
837 3155 918 3214 tum
945 3141 1058 3215 vitam
1076 3141 1252 3231 Catonis,
1278 3172 1394 3248 quom

276 3261 356 3336 istis
374 3256 519 3333 claudit
538 3256 683 3334 verbis:
709 3289 735 3326 c<
744 3258 864 3334 Huius
885 3257 933 3333 de
950 3259 1025 3333 vitu
1052 3275 1091 3333 et
1106 3256 1271 3336 moribus
1286 3260 1398 3365 plura

273 3379 315 3453 in
336 3402 382 3455 eo
410 3375 509 3451 libro
530 3377 718 3477 persecuti
739 3401 886 3472 sumus,
914 3402 1027 3477 quem
1057 3377 1258 3479 separatim
1285 3379 1332 3453 de
1350 3402 1398 3455 eo

273 3492 430 3573 fecimus
443 3510 583 3596 rogatu
603 3493 679 3565 Titi
697 3492 896 3594 Pomponii
912 3493 1037 3568 Attici.
1064 3496 1191 3587 Quare
1211 3493 1396 3572 studiosos

270 3611 419 3690 Catonis
441 3610 490 3686 ad
519 3607 616 3685 illud
640 3606 821 3684 volumen
846 3607 1068 3711 relegamus.
1082 3641 1109 3679 >s
1127 3613 1269 3715 Aperte
1286 3610 1390 3686 indi·

246 3784 250 3799 .
271 3741 346 3818 ent,
366 3754 411 3804 eo
436 3754 544 3804 nunc
564 3725 613 3801 de
631 3727 773 3801 Catone
799 3726 952 3804 brevius
971 3753 1010 3802 se
1029 3754 1156 3831 agere,
1176 3731 1266 3830 quin
1286 3754 1391 3833 sepa·

272 3845 385 3920 ratim
416 3842 463 3917 de
494 3844 627 3921 eodem
660 3845 862 3948 scripserit.
888 3845 987 3947 Ergo
1019 3847 1094 3922 vita
1123 3843 1191 3919 illa
1219 3846 1393 3938 Catonis,

304 4090 348 4158 (t)
365 4088 398 4142 ΕΙ
423 4103 493 4142 nunt
515 4096 604 4143 nmen
627 4100 753 4162 repugnat
769 4090 805 4146 G.
857 4088 957 4143 creduto
967 4088 1393 4145 commemorassemus&-

268 4172 314 4229 rs.
330 4173 415 4226 llinck
438 4181 494 4226 toto
518 4170 594 4224 libros
614 4169 713 4247 Suggio
728 4177 757 4228 dt
774 4194 807 4228 urs
854 4185 921 4245 pote.
944 4173 1061 4228 venetiis
1081 4177 1155 4228 48⁴8.
1176 4173 1319 4245 Respondit
1332 4193 1392 4229 vem

269 4256 458 4315 Emoritieo
467 4275 514 4329 per
526 4257 648 4310 metimire
660 4257 695 4310 ad
710 4258 806 4311 Enrilio
855 4256 925 4311 Ioele
941 4257 1032 4313 llohen
1051 4255 1255 4312 Comidrracioni
1270 4254 1390 4332 παῖδας,

269 4336 358 4401 nuto
373 4338 708 4408 submonstravit.
726 4341 804 4415 imp,
852 4347 975 4413 31¹⁰,le
991 4340 1133 4402 Mediolon!
1151 4346 1226 4439 Ι4119.
