3352 5572
711 460 954 526 PRAEFATIO
1362 473 1392 570 9

275 679 416 746 tantum
441 691 526 744 oum
552 664 706 773 Nepotis
724 665 843 744 verbis
861 664 1085 743 Graecorum
1105 666 1396 775 Latinorumque

274 787 465 863 sententias
490 787 622 862 usitate
648 785 891 881 contulimus3
923 784 1009 882 sed,
1046 799 1087 860 ut
1112 787 1247 889 patriae
1281 791 1396 892 ipsius

273 917 417 980 nostrae
444 904 548 1005 quasi
573 902 894 1003 ingeniumeditio
919 901 1007 977 haec
1033 929 1127 978 nova
1151 932 1239 1007 prae
1265 933 1304 981 se
1322 906 1396 982 ser·

175 1060 189 1089 t
273 1033 341 1112 ret,
367 1018 559 1096 Gallorum
584 1046 732 1123 quoque
759 1021 976 1121 scriptorum
1008 1019 1107 1094 locos
1133 1021 1267 1096 similes
1291 1021 1395 1098 iden·

274 1137 386 1215 tidem
426 1136 677 1228 laudavimus,
718 1164 785 1239 pro
807 1135 959 1238 'quibus
999 1137 1142 1214 veniam
1172 1139 1324 1218 nos-vel
1349 1139 1395 1214 al>

273 1254 478 1353 alienigenis
504 1255 758 1358 impetraturos
794 1252 1020 1330 confidimns.
1073 1256 1132 1330 Sic
1172 1269 1234 1352 et,
1273 1269 1396 1333 exacta

276 1372 563 1476 uniuscuiusque
589 1371 814 1474 imperatoris
842 1381 903 1444 aut
929 1371 1076 1445 illustris
1103 1373 1170 1447 viri
1196 1375 1287 1472 vita,
1313 1388 1396 1477 post

279 1489 437 1565 Graecos
464 1489 697 1592 Latinosque,
713 1490 777 1593 qui
795 1488 903 1561 huius
921 1490 1143 1565 mentionem
1168 1491 1329 1589 fecerint,
1350 1490 1396 1566 ad

278 1604 416 1682 Gallica
459 1609 567 1683 etiam
594 1603 726 1709 scripta
753 1608 949 1703 lectorem,
992 1609 1022 1682 si
1062 1608 1152 1713 quid
1187 1611 1396 1714 explicatius

275 1723 372 1821 velit,
399 1725 627 1801 remittimus.

326 1974 461 2070 Restat,
487 1987 528 2048 ut
554 1973 600 2050 de
625 1976 878 2052 additamentis
905 2005 1017 2081 panca
1043 1991 1268 2052 moneantur.
1302 1976 1394 2051 Edi·

277 2089 413 2164 tionem
438 2090 531 2164 hane
556 2090 878 2193 locupletavimus,
923 2094 1042 2166 statim
1077 2093 1122 2167 ab
1148 2095 1275 2191 initio,
1314 2093 1397 2165 Vita

278 2199 421 2282 Cornel.
448 2204 601 2308 Nepotis
628 2235 648 2280 a
674 2210 718 2283 G.
746 2213 772 2284 l.
800 2209 931 2284 Vossio
957 2211 1108 2310 scripta,
1135 2208 1272 2282 Notitia
1298 2209 1397 2282 litte·

275 2322 367 2394 raria
392 2318 424 2394 Ι.
450 2323 494 2396 Α.
520 2321 694 2421 Fabricii,
720 2339 883 2400 veterum
910 2351 952 2397 ac
978 2325 1219 2397 recentiorum
1245 2323 1291 2398 de
1318 2321 1396 2397 Ne·

275 2448 360 2537 pote
387 2437 612 2535 testimoniis3
638 2439 779 2536 exinde,
805 2439 995 2513 mantissae
1021 2439 1144 2534 instar,
1170 2464 1292 2511 rerum
1320 2464 1397 2512 me-

275 2551 504 2628 morabilium
532 2553 772 2654 Chronologia
789 2583 834 2630 ex
855 2555 1011 2630 editione
1026 2556 1136 2629 altera
1163 2555 1396 2653 Tasohuolrii,

275 2669 323 2744 ob
350 2669 563 2747 brevitatem
589 2687 627 2746 et
652 2671 775 2769 fidem,
796 2673 997 2775 desumpta,
1016 2687 1052 2747 et
1068 2675 1123 2768 iis,
1142 2699 1233 2774 qnos
1254 2685 1396 2770 vocant,

275 2787 522 2863 Excursibns:
562 2788 621 2862 hic
660 2789 689 2864 I.
726 2789 774 2864 H.
803 2789 990 2888 Schlegelii
1018 2792 1323 2866 Observationum
1350 2789 1397 2863 li·

274 2903 396 3001 brum,
423 2932 532 3005 quem
548 2905 895 3005 Th..Chr.Harless,
922 2905 1011 2979 dum
1037 2909 1121 2981 alias
1147 2906 1397 2981 doctissimum

277 3034 313 3096 et
351 3020 397 3095 ad
431 3020 592 3097 fructum
634 3024 884 3125 plenissimum
928 3024 1113 3121 agnoscit,
1156 3025 1397 3127 parcimoniae

276 3165 382 3212 causa
409 3139 541 3213 invitus
568 3155 839 3242 suppresserat,
882 3140 957 3215 sere
984 3155 1102 3216 totum
1129 3143 1315 3238 maxima,
1354 3155 1396 3216 ut

276 3254 346 3330 tale
372 3282 464 3358 opus
491 3254 659 3354 decebat,
698 3257 961 3332 curatexscribi
988 3259 1167 3333 iussimus.
1211 3258 1396 3332 Excursus

276 3370 419 3446 claudet
454 3372 626 3447 hactenus
664 3372 798 3448 inedita
825 3375 918 3450 inter
943 3376 1178 3450 Plutarchum
1204 3388 1241 3449 et
1268 3371 1396 3476 Nepo-

276 3499 351 3561 tem
378 3491 609 3592 comparatio.
663 3493 761 3564 Tum
788 3505 978 3567 occurrent
1003 3491 1078 3568 duo
1104 3491 1266 3587 Indices,
1300 3515 1396 3566 novo
1483 3588 1485 3592 Α

277 3605 397 3680 studio
436 3608 642 3707 emendati,
685 3609 773 3684 alter
812 3609 1004 3685 historicus
1044 3625 1080 3686 et
1118 3607 1396 3710 geographicas,

278 3725 526 3819 grammaticus
569 3727 687 3820 alter,
730 3725 950 3830 tandemque
976 3727 1093 3803 Index
1118 3724 1396 3829 praecipuarum

278 3838 502 3943 editionum,
542 3842 633 3919 aV.
662 3841 703 3917 C.
731 3841 880 3918 Barbier
921 3843 1003 3919 ideo
1045 3845 1164 3942 lingua
1207 3842 1395 3918 vernacula

278 3956 444 4058 seriptuS,
458 3957 558 4060 quod
582 3960 750 4059 singulari
768 3960 949 4058 diligentia
968 3961 1014 4036 de
1039 3959 1139 4037 libris
1156 3961 1195 4036 in
1213 3958 1395 4037 Gallicum

278 4076 390 4154 versis
416 4078 486 4177 egit
512 4079 566 4158 vir
591 4079 881 4157 humanissimus.
