3352 5572
608 480 616 495 ·
646 476 990 543 oasnavaarouas
1294 441 1389 543 385

250 706 254 712 ·
275 686 460 753 imperatorum
477 678 572 733 merito
585 678 794 751 aequiparantur.
807 683 877 736 Dicit
898 699 977 753 porro
988 678 1139 735 Cornelias:
1163 678 1254 751 Neque
1269 692 1354 734 tamea
1369 681 1397 734 1ιί

273 762 411 816 dmm
422 773 478 814 suast
488 762 570 815 maid.
577 759 697 830 Namque
709 761 780 815 inter
791 773 930 835 sequentes
942 761 1118 827 Macedoniae,
1135 763 1228 832 Syriae
1241 769 1269 815 et
1282 762 1397 832 Aegypti

274 859 349 913 reges
364 841 503 895 admodum
520 841 597 912 pauci
619 839 770 894 reboasse
793 841 855 912 ipsis
876 845 905 897 in
922 840 993 896 bello
1014 843 1093 913 gestia
1114 839 1297 894 inclaruerunt.
1321 839 1399 893 Talea

274 930 335 978 aunt
346 921 483 994 Philippus
495 932 520 977 et
531 921 687 986 Antiochus,
701 925 746 991 qui
763 922 842 976 ambo
854 921 929 978 bellis
940 933 1028 978 contra
1042 923 1141 977 vicinos
1154 920 1264 993 populos
1276 939 1400 993 magnam

274 1004 325 1059 sibi
340 1004 437 1058 lernam
453 1013 618 1076 paraverant,
635 1001 680 1056 aed
697 1012 788 1056 contra
807 1007 956 1071 Romanos,
972 1005 1073 1076 ingenti
1093 1003 1156 1058 licet
1173 1012 1310 1075 apparatu,
1330 1001 1399 1056 male

275 1097 474 1158 resperserunt,
490 1097 518 1141 et
533 1085 695 1142 Ptolemaeus
715 1084 875 1157 Euergetes,
892 1090 938 1156 qui
954 1088 1125 1159 cyrenaicam
1146 1085 1252 1151 devicit,
1272 1087 1331 1158 ipae
1347 1084 1400 1138 dor

277 1169 417 1240 copiarum.
435 1168 495 1223 lion
508 1170 544 1222 ait
556 1167 700 1235 Cornelius,
716 1186 744 1220 se
758 1166 843 1237 ipsurn
861 1169 956 1235 horum
970 1187 1063 1241 regnan
1076 1169 1208 1234 omnium,
1222 1171 1268 1241 qui
1285 1170 1401 1241 impera-

276 1250 376 1306 toribus
392 1252 556 1305 annumerari
573 1259 690 1322 possunt,
703 1267 745 1303 rea
758 1259 841 1321 gestas
860 1269 914 1305 uno
934 1249 1070 1306 volumine
1086 1248 1332 1321 comprehendisse,
1355 1248 1401 1303 sed

275 1330 345 1405 qnod
359 1332 480 1387 omnium
492 1351 534 1387 res
547 1341 635 1405 gestae
650 1333 786 1404 κραναιίω
799 1342 861 1386 sunt
876 1331 982 1398 relatae,
993 1332 1023 1387 id
1041 1342 1081 1387 est
1097 1352 1111 1386 a
1127 1332 1238 1388 dirersis
1254 1333 1401 1388 auctoribus

267 1423 338 1469 usae
348 1414 472 1484 temporis
483 1413 564 1486 volgo
577 1412 688 1486 ecqnitis
705 1421 730 1465 et
747 1413 873 1486 probatis.
884 1413 944 1469 Non
960 1413 1032 1468 enim
1045 1422 1086 1468 est
1095 1413 1279 1480 dubitandum,
1290 1414 1403 1470 extitisse

278 1505 339 1550 ante
355 1494 505 1550 Cornelium
522 1495 668 1568 complures
682 1494 761 1550 libros
781 1497 897 1562 Latinos,
914 1497 961 1569 qui
979 1515 1061 1569 quum
1075 1495 1191 1569 Philippi
1205 1507 1232 1550 et
1243 1495 1402 1561 Alexandri,

278 1586 335 1630 turn
351 1578 431 1632 etiam
448 1579 623 1650 posteriorum
640 1595 734 1649 regum
754 1577 872 1631 historias
892 1578 1075 1644 continebant,
1098 1597 1159 1632 cnm
1183 1579 1282 1652 quibus
1291 1581 1402 1633 Romani

278 1656 321 1714 rel
343 1658 483 1713 amicitiam
500 1657 653 1725 coluerunt,
676 1657 719 1712 vel
735 1657 803 1710 bella
819 1668 961 1728 gesserunt.
979 1661 1017 1713 Ea
1037 1662 1109 1713 enirn
1133 1661 1198 1715 scire
1224 1663 1402 1714 Romanorum

276 1742 361 1797 molto
378 1746 462 1816 magia
473 1745 607 1808 intererat,
624 1759 704 1814 quam
720 1758 788 1813 quae
805 1739 837 1793 ad
851 1740 919 1796 bella
931 1741 1032 1798 Persica
1045 1753 1073 1798 et
1085 1743 1332 1816 Peloponnesiacum
1344 1763 1404 1817 per·

277 1823 404 1880 tinebant.

311 1907 403 1961 Libros
419 1906 491 1973 alios,
507 1906 552 1979 qui
570 1903 693 1959 Cornelio
705 1912 805 1959 temere
817 1923 832 1958 a
846 1903 1001 1975 quibudam
1017 1905 1139 1976 adscripti
1152 1915 1233 1969 sont,
1251 1916 1283 1960 ut
1301 1905 1403 1960 Daretis

277 1984 386 2057 Phrygii
402 1986 550 2039 versionem
563 1984 692 2050 Latinam,
706 1984 799 2039 lobene
811 1993 954 2057 praetereo.
965 1987 1026 2041 Non
1043 1986 1115 2040 enim
1129 1988 1237 2040 interest
1250 1987 1404 2056 reipublicae

278 2063 429 2131 litterariae,
438 2084 559 2120 revocme
571 2066 728 2121 memoriam
741 2084 871 2135 errorum,
885 2085 950 2139 quos
962 2067 1045 2123 semel
1058 2070 1209 2141 iterumque
1223 2067 1314 2122 solidis
1326 2085 1404 2138 argas-

280 2150 377 2203 mentir
389 2147 527 2221 propulere
545 2148 596 2202 viri
612 2147 691 2203 docti.

288 2338 291 2343 ·
340 2314 380 2376 11.
401 2317 451 2378 De
469 2313 607 2377 Cornelii
627 2311 784 2376 scribendi
805 2315 943 2377 instituto
956 2316 990 2376 in
1003 2314 1095 2376 libris
1108 2316 1162 2399 qui
1177 2317 1342 2398 asperatam.

314 2475 349 2530 Et
364 2475 520 2530 Graecarum
534 2475 681 2530 litterarum
698 2483 725 2528 et
738 2474 835 2546 patriae
855 2491 944 2529 amore
961 2478 1050 2529 ductos
1067 2474 1167 2546 scripsit
1178 2475 1266 2546 Nepos
1279 2477 1344 2529 vitas
1356 2493 1403 2528 ea·

278 2556 431 2614 cellentium
449 2560 644 2630 imperatorum.
661 2556 770 2611 Romani
788 2555 864 2610 nudes
876 2555 985 2610 omnino
1001 2567 1075 2612 erant
1088 2556 1231 2610 litterarum
1245 2559 1404 2611 Graecarum

278 2650 338 2696 ante
349 2640 418 2695 bella
431 2641 535 2704 Punica,
548 2640 646 2713 qnippe
655 2640 700 2711 qui
714 2638 783 2693 inter
795 2656 928 2692 armornm
942 2638 1063 2710 etrepitus
1073 2657 1146 2693 suam
1160 2639 1276 2709 ipsorum
1289 2638 1406 2710 linguam

279 2741 334 2778 non
352 2723 483 2790 colebant,
497 2722 541 2793 qni
553 2734 620 2776 artes
632 2739 732 2785 omnes,
746 2730 849 2794 praeter
865 2739 918 2786 esa,
937 2739 1002 2792 quae
1015 2720 1047 2775 ad
1061 2723 1144 2775 vitam
1157 2720 1280 2775 tuendam
1292 2719 1406 2774 maxime

277 2803 435 2857 necessariae
451 2811 521 2868 sunt,
536 2801 751 2866 contemnebant,
765 2818 874 2856 omnem
890 2799 1000 2873 gloriam
1013 2800 1041 2854 in
1054 2800 1204 2872 republica
1220 2799 1407 2855 administran-

280 2882 335 2949 da,
352 2894 379 2938 et
391 2885 420 2937 in
431 2901 460 2937 re
476 2885 573 2937 rustica
590 2891 618 2936 et
630 2881 757 2948 militari,
775 2881 918 2937 exercenda
934 2890 1069 2955 ponentes.
1086 2882 1202 2936 Sufficiat
1218 2881 1272 2937 dno
1289 2879 1408 2952 erernpla

277 2964 351 3018 iatius
363 2964 483 3019 ruditatis
499 2964 526 3017 in
539 2963 655 3018 medium
673 2963 800 3036 prolerre.
821 2966 910 3034 Qonm
926 2963 1057 3029 Romani,
1081 2961 1251 3018 decemvirali
1279 2971 1406 3033 potestate

278 3043 405 3112 instituta,
417 3048 586 3110 Graecorum,
597 3047 711 3100 maxime
725 3046 934 3113 Atheniensium,
947 3045 1018 3118 leges
1030 3064 1105 3121 suam
1119 3046 1147 3099 in
1159 3064 1235 3099 naum
1253 3053 1406 3101 convertere

278 3127 388 3193 vellent,
401 3146 466 3199 opns
482 3128 611 3181 habebant
631 3127 774 3198 interprete
792 3125 975 3203 Hermodoro,
997 3128 1097 3182 Graeco
1120 3127 1202 3181 eante.
1226 3129 1406 3179 Romanorum

277 3209 378 3282 legatus
391 3209 572 3275 Poatbumiue,
589 3227 671 3279 quum
693 3208 773 3263 verbe
792 3209 886 3263 laceret
902 3208 934 3263 ad
952 3210 1108 3264 Tarentinos
1124 3209 1214 3280 linqua
1237 3209 1355 3273 Graeca,
1372 3208 1407 3260 iis

278 3301 334 3344 erat
346 3289 452 3346 derisui.
469 3291 522 3345 Sed
538 3292 591 3343 iam
605 3298 742 3361 coeperant
753 3307 807 3343 esse
818 3291 994 3361 frequentiora
1012 3288 1169 3343 commercia
1183 3297 1209 3340 et
1221 3285 1324 3339 foedera
1337 3286 1407 3339 inter

277 3382 419 3446 utramque
433 3382 551 3445 gentem,
567 3372 645 3445 paulo
658 3382 718 3426 ante
735 3370 835 3426 bellam
851 3371 977 3428 Punicum
1003 3372 1128 3444 primurn.
1143 3365 1263 3421 Secundo
1284 3383 1406 3437 prospere

277 3455 364 3522 linito,
380 3472 484 3528 sperare
497 3455 650 3527 inceperunt
671 3455 798 3519 Romani,
814 3472 842 3509 se
858 3453 1000 3526 aliquando
1013 3456 1129 3508 Graecos
1138 3486 1147 3514 ‚
1171 3449 1406 3521 praetenea'speeie

275 3535 412 3606 libertatis,
426 3541 455 3592 in
469 3547 623 3611 potestatem
638 3554 712 3591 suam
726 3555 782 3590 esse
795 3535 951 3591 redacturos.
964 3533 1029 3589 Inde
1041 3531 1153 3586 accrevit
1170 3530 1268 3583 sensim
1281 3529 1350 3600 apud
1362 3546 1407 3582 eos

277 3620 402 3692 cupiditas
418 3621 543 3674 Graeciae
555 3620 665 3675 interius
677 3619 878 3691 cognoscendam
890 3615 1076 3672 accendebatur
1087 3614 1167 3667 etiam
1180 3612 1338 3664 Graecorum
1349 3628 1408 3664 ora·

278 3709 368 3756 torum
385 3701 514 3774 exemplis
526 3700 691 3774 eloquentiae
706 3699 824 3754 studium
833 3738 842 3766 ,
857 3699 922 3754 utile
942 3698 1073 3768 imprimis
1091 3691 1160 3765 apud
1179 3694 1308 3746 Itonasnoa
1329 3694 1361 3745 in
1377 3707 1407 3744 re

277 3781 380 3851 publica
394 3782 558 3854 capessenda.
576 3786 647 3837 Tum
660 3783 738 3846 Cato,
752 3781 870 3852 quamvls
890 3778 986 3841 senior,
1007 3774 1146 3847 arripiebat
1162 3771 1280 3826 studium
1303 3772 1408 3825 litteras

278 3878 347 3932 κως
364 3874 422 3919 turn
433 3864 546 3919 Graecae
559 3862 670 3929 labnlse,
685 3882 699 3916 a
716 3872 755 3918 tat
765 3861 847 3934 pottis
862 3859 969 3914 comicis
986 3875 1065 3926 aeque
1083 3874 1112 3908 aa
1125 3855 1229 3926 tragicis
1241 3854 1269 3906 ln
1286 3853 1407 3906 Latinum

278 3960 426 4000 amonem
437 3947 582 4010 translatae,
597 3945 735 4018 placebant
746 3944 850 4014 populo.
869 3939 990 3993 Tandem
1004 3936 1161 4007 Carthagine
1175 3935 1307 3989 destructa
1318 3943 1345 3987 et
1358 3950 1409 3987 eo·

280 4022 342 4078 dean
359 4044 428 4080 anno
440 4027 568 4082 Corintho
581 4027 677 4094 deleta,
694 4043 773 4096 quum
788 4023 898 4079 Romani
910 4030 1010 4090 captain
1030 4027 1149 4072 tenerent
1164 4017 1312 4079 Graeciam,
1324 4031 1407 4087 quum

280 4120 372 4160 sorum
385 4109 474 4180 spoliis
491 4110 568 4164 aedes
580 4128 637 4163 suae
654 4115 819 4172 exornarent,
831 4111 903 4157 ancta
913 4111 953 4156 est
965 4102 994 4154 in
1008 4101 1167 4153 immensum
1180 4101 1341 4153 Graecarum
1353 4106 1407 4150 tam

280 4185 376 4239 ”tium
392 4207 473 4260 quam
487 4190 632 4245 litterarum
644 4187 779 4261 cupiditas.
792 4185 870 4249 llnlti
882 4201 914 4236 es
926 4182 1048 4238 ltommia
1053 4221 1064 4247 ,
1076 4181 1156 4236 etism
1168 4177 1311 4235 consuleris
1322 4176 1409 4248 digni·

282 4265 343 4325 tatia
355 4267 419 4335 siri,
430 4288 472 4326 res
487 4274 617 4328 Romanas
626 4289 720 4346 graeco
728 4285 850 4350 smmnq
862 4266 893 4328 in
904 4263 1038 4327 linatur
1050 4261 1229 4335 warhan,
1238 4271 1271 4317 ut
1280 4263 1318 4318 sil
1328 4256 1408 4319 luetis

383 4424 475 4508 Cos.
501 4423 594 4511 Nar.
1246 4413 1303 4494 db
