3352 5572
308 650 426 708 Plurima
440 649 579 705 volumini
603 648 753 721 conscripsit
772 649 932 716 Plutarchus,
954 649 1036 706 multa
1052 664 1160 725 quoque
1175 652 1272 727 Nepuss
1286 651 1332 709 sed
1353 653 1398 711 hic

275 733 320 788 usti
333 733 456 787 historiae
468 731 610 786 adhaesisse
624 739 650 784 et
663 741 717 786 tuto
730 732 837 804 ingenio
855 731 1000 788 incubuisse
1017 731 1131 801 videtur3
1151 733 1224 790 illius
1240 753 1304 791 vero
1322 753 1398 791 meus

274 818 303 872 in
322 814 435 868 maxima
448 831 537 867 rerum
550 823 629 886 atque
641 812 796 885 opinionum
808 813 931 870 uarietate
942 825 1041 870 versata
1057 823 1106 881 est,
1115 824 1153 882 et,
1162 815 1232 888 qnod
1245 816 1398 890 plerumque

278 899 385 953 diversa
400 896 572 952 scribentibus
593 895 696 962 accidit,
714 915 767 950 uon
793 900 850 969 pari
871 897 948 952 laude
969 900 997 952 in
1013 898 1145 954 omnibus.
1160 898 1243 956 truta
1265 900 1399 973 utriusque

275 980 463 1035 desiderantur.
476 978 592 1034 Cornelii
609 977 680 1032 enim
693 979 809 1050 Nepotis,
822 980 913 1036 decem
930 979 992 1035 libri
1005 981 1124 1051 nomine,
1138 1000 1205 1038 amu
1215 987 1318 1041 tutan
1331 983 1400 1040 liber

278 1084 310 1119 re
335 1074 460 1137 superest3
476 1061 621 1128 Plutarcho,
638 1070 738 1133 praeter
755 1079 800 1116 eos
816 1063 862 1134 qni
877 1062 911 1116 ad
934 1072 1048 1117 nostram
1071 1073 1183 1121 aetatem
1207 1077 1399 1139 pervenerunt,

278 1159 386 1204 centum
403 1147 505 1201 circiter
518 1154 544 1199 et
558 1144 697 1199 duodecim
713 1142 868 1198 tribuuntur.
884 1142 985 1198 Dehac
1009 1164 1071 1200 aero
1091 1146 1162 1202 mule
1180 1168 1234 1203 non
1250 1149 1399 1216 immerito,

279 1238 310 1283 ut
321 1245 380 1282 mea
393 1226 446 1282 lert
465 1227 604 1290 autentis,
623 1224 676 1280 dici
698 1232 793 1296 potest,
811 1223 881 1295 quod
898 1222 931 1278 de
948 1243 977 1278 se
992 1225 1048 1297 ipso
1070 1225 1291 1295 blartislia,.uno
1312 1237 1399 1285 huten

274 1310 428 1382 transposito
445 1307 535 1363 verbo:

409 1472 477 1525 Sunt
494 1469 573 1534 mala,
585 1477 645 1545 sunt
662 1467 791 1541 quaedam
805 1467 958 1536 mediocria,
971 1479 1032 1524 sunt
1047 1469 1116 1525 bona
1132 1471 1218 1543 plura.

313 1648 368 1703 Nec
383 1664 428 1701 rna
444 1648 513 1701 mala
530 1645 624 1701 dixisse
636 1644 773 1705 mirentur.
789 1642 837 1714 qui
849 1643 1015 1699 Plutarchum
1028 1665 1060 1700 es
1074 1647 1249 1702 recmtiomm
1266 1645 1338 1703 libris
1348 1666 1397 1722 po·

277 1730 339 1797 tius,
350 1746 429 1802 quam
447 1747 478 1781 ex
499 1726 580 1798 ipsius
596 1725 729 1797 operibus,
745 1732 884 1778 noverunt.
905 1725 975 1793 Quid
997 1727 1069 1780 euim
1085 1736 1124 1781 est
1140 1737 1260 1782 tractatus
1280 1728 1342 1795 ille,
1358 1731 1401 1784 De

273 1815 349 1885 facie
362 1815 389 1864 in
405 1811 464 1863 orbe
475 1808 576 1862 husae?
590 1806 662 1879 quid,
680 1806 929 1879 deprimosn'gido?
943 1805 1018 1879 qnid,
1033 1809 1066 1862 de
1083 1809 1215 1863 audiendis
1232 1811 1326 1881 puetis?
1339 1810 1401 1866 licet

278 1893 348 1946 hunc
359 1890 484 1945 ultimum
501 1909 555 1943 nou
568 1889 624 1943 aine
636 1886 755 1955 laudibus
767 1897 895 1943 memoret
909 1890 1018 1960 scriptor
1032 1889 1157 1956 Gallicus,
1168 1891 1209 1943 La
1222 1890 1319 1963 Harpe,
1329 1910 1401 1948 aum·

247 2018 262 2033 ,
277 1993 338 2030 mus
350 1969 568 2043 ceteroquin,sed
582 1972 638 2042 qui,
652 1969 696 2023 ubi
712 1968 746 2024 de
759 1969 867 2024 Graecis
878 1969 940 2042 agit,
955 1969 1038 2024 aliena
1053 1973 1153 2043 saepius
1169 1990 1249 2044 quam
1269 1991 1315 2026 sua
1333 1991 1398 2045 pro·

279 2058 342 2120 mit,
356 2063 383 2106 et
396 2052 469 2125 quasi
480 2050 612 2106 fiduciario
623 2051 704 2105 utitur
720 2049 823 2106 iudicio.
842 2049 874 2105 in
890 2049 930 2104 his
946 2051 1069 2106 omnibus
1094 2052 1117 2107 si
1141 2052 1204 2127 quid
1227 2052 1290 2108 boui
1312 2053 1397 2119 ines,

270 2153 304 2206 eq
321 2144 410 2188 entem
425 2151 487 2187 sane
499 2128 606 2188 lesellit.
619 2134 686 2189 Sunt
702 2135 792 2199 etiam,
805 2150 871 2207 quos
884 2131 975 2188 multis
989 2134 1019 2189 in
1032 2133 1150 2204 partibus
1160 2152 1265 2191 snmus
1278 2143 1307 2191 et
1322 2135 1397 2191 indi·

272 2224 358 2287 qestor
374 2214 460 2270 dicere
473 2217 566 2281 ausim,
579 2216 732 2292 praesertim
745 2234 810 2287 quos
822 2224 910 2270 contra
933 2216 1096 2272 nmmum
1116 2225 1143 2271 et
1165 2215 1263 2272 Staium
1284 2217 1395 2290 scripsit.

273 2289 358 2351 Multa
371 2304 458 2349 umen
474 2293 610 2367 plerunque
623 2295 815 2351 commendent:
829 2313 891 2349 nam
903 2305 1006 2368 praeter
1018 2296 1111 2369 varlas,
1123 2295 1219 2369 quibus
1231 2294 1394 2368 distinguu-
1491 2338 1493 2342 ⁷

273 2383 327 2439 tur,
340 2375 553 2443 narratiunculae,
567 2387 593 2431 et
602 2394 642 2442 ea,
654 2395 721 2448 quae
735 2377 767 2430 ad
780 2385 901 2432 veterum
912 2394 997 2431 mures
1010 2375 1125 2448 apprim
1137 2375 1321 2449 intelligendus
1331 2394 1395 2449 per·

273 2458 369 2524 tinent,
383 2459 472 2512 omnia
485 2459 514 2513 in
522 2461 554 2513 iis
569 2459 683 2530 reperire
697 2469 745 2522 est,
753 2477 822 2531 quae
830 2458 864 2514 sd
876 2459 943 2514 bene
957 2458 1082 2532 beateque
1096 2457 1238 2514 vivendum
1249 2459 1394 2525 mutuus,

272 2536 507 2613 indulgentemque
519 2539 601 2608 illam,
613 2550 640 2596 et
656 2542 729 2612 quasi
754 2539 835 2596 molle
859 2544 947 2596 nereio
971 2540 1047 2613 quid,
1063 2538 1107 2604 vel
1131 2541 1160 2595 iu
1176 2542 1230 2612 ipss
1246 2540 1392 2613 gravitate,

272 2618 451 2676 subridentem
465 2619 680 2676 Academicorum
703 2619 905 2694 philosophiam.
920 2621 1060 2692 Praecipua
1085 2638 1149 2677 veru
1164 2619 1296 2677 Plutarchi
1319 2621 1393 2688 laur,

274 2718 388 2772 quaeque
404 2700 476 2756 illius
488 2721 587 2758 nornen
605 2703 638 2757 ad
663 2703 864 2758 remotissimam
880 2721 963 2775 usque
987 2703 1165 2774 posteritatem
1178 2703 1253 2768 leret,
1275 2721 1340 2774 opus
1354 2712 1394 2759 est

273 2781 339 2836 illud
349 2783 383 2836 de
398 2786 458 2839 vitis
472 2786 613 2856 parallelis.
627 2789 682 2840 Hoc
697 2795 800 2841 tantum
811 2787 920 2841 nomine
933 2785 977 2839 hic
992 2784 1117 2840 dicendus
1130 2783 1215 2850 nobis,
1228 2792 1327 2840 etcum
1338 2783 1394 2842 tta·

272 2873 333 2933 pote
349 2865 529 2922 conserendus.

306 2945 442 3016 inprimis
459 2948 599 3004 verborum
617 2946 845 3015 constructionem,
870 2947 1056 3020 proprietatem
1083 2957 1110 3001 et
1135 2944 1291 3018 elegantiam
1316 2943 1395 3002 multi

273 3023 420 3093 adaeuunt,
436 3037 513 3100 atque
527 3028 574 3083 hac
587 3030 738 3102 praesertim
759 3028 863 3084 dicendi
888 3037 952 3095 arte,
968 3031 1037 3082 inter
1049 3027 1184 3099 scriptores
1201 3028 1234 3081 de
1256 3026 1347 3082 eadem
1364 3047 1395 3084 re

272 3105 442 3179 disputantes,
460 3110 580 3165 ordinem
593 3112 717 3184 assignari
729 3129 803 3182 posse
816 3110 980 3165 arbitrantur.
990 3111 1038 3165 Hic
1049 3109 1155 3180 quidem
1168 3110 1314 3182 plurimum
1323 3110 1394 3166 inter
1507 3106 1516 3123 ⁸
1565 3135 1567 3144 ·

272 3209 300 3244 se
314 3190 438 3247 differunt
453 3193 603 3248 Plutarchus
619 3205 645 3250 et
660 3195 756 3265 Nepos:
773 3211 825 3268 qua
836 3211 897 3248 vero
909 3194 982 3247 cbusa
995 3201 1096 3248 tantum
1109 3191 1268 3247 discriminis
1281 3192 1396 3258 intersit,

273 3275 361 3344 paucis
372 3272 560 3344 explicabimus.

308 3356 368 3410 Post
384 3357 518 3411 Graeciam
544 3377 559 3411 a
584 3357 690 3429 regibus
712 3355 885 3412 Macedonum
902 3357 1042 3423 subactam,
1057 3354 1180 3429 paulatim
1203 3362 1229 3409 et
1250 3354 1306 3410 sere
1321 3354 1394 3410 nulla

274 3436 408 3497 intellecta
420 3443 575 3503 mutatione,
588 3441 616 3495 in
629 3457 739 3512 mavum
755 3438 901 3510 detorqueri
913 3440 998 3509 coepit
1010 3440 1098 3510 linqua
1110 3437 1219 3501 Graeca,
1241 3444 1268 3493 et
1287 3456 1303 3491 a
1321 3446 1394 3494 recto

276 3517 323 3574 illo
335 3521 448 3588 usmitr,
460 3541 540 3592 quesn
553 3521 636 3587 Plato,
653 3519 832 3594 Thucydides,
848 3519 989 3592 Sophocles
1001 3529 1054 3575 tam
1071 3516 1182 3573 feliciter
1197 3517 1316 3586 inierant,
1326 3535 1392 3591 pan·

276 3596 360 3654 lulum
371 3601 518 3656 deflectere.
532 3602 603 3670 idox,
616 3620 701 3674 quum
717 3601 795 3656 alieni
806 3599 896 3676 populi
915 3604 1074 3673 ingruerent,
1095 3606 1122 3652 et
1137 3608 1194 3653 tum
1214 3596 1395 3654 Mithridaticis

276 3684 352 3736 asbus
368 3682 477 3756 aliisque
494 3682 580 3750 hellis,
599 3695 656 3739 tum
673 3684 749 3757 longa
762 3687 941 3739 Romanorum
952 3681 1141 3747 dominatione,
1154 3678 1315 3752 uaquenttu·
1325 3682 1396 3736 inter

276 3764 387 3819 Graecus
403 3776 430 3820 et
442 3765 565 3822 barbaros
577 3766 765 3822 commercium
781 3765 899 3820 habitum
910 3777 984 3833 esset,
998 3761 1097 3816 malam
1110 3761 1227 3816 invaluit.
1242 3763 1319 3817 Tunc
1330 3761 1392 3834 qui·

278 3843 339 3899 dsm
350 3846 493 3904 litterarum
504 3848 699 3921 impendentem
716 3848 789 3905 illam
806 3849 918 3914 ruinam,
929 3863 1012 3920 quum
1027 3845 1135 3899 omuino
1147 3842 1286 3917 prohibere
1298 3841 1394 3914 nequi·

277 3937 345 3992 rent,
370 3930 615 3989 saltem·retsrdsre
631 3941 806 4000 tentncerunt,
829 3941 866 3996 et,
882 3930 950 4000 quud
968 3929 996 3981 in
1012 3927 1059 3982 hac
1075 3926 1225 4000 linguarum
1246 3925 1395 3982 conditione

278 4011 347 4081 apud
366 4030 456 4068 omnes
470 4027 560 4087 pentes
585 4015 754 4072 commodum
771 3998 846 4080 eries,
857 4013 1016 4085 optimorum
1043 4008 1228 4063 tauricum
1250 4016 1278 4062 cl
1299 4005 1396 4062 Altina

278 4096 428 4164 praesertim
441 4099 598 4171 scriptorum
610 4098 727 4174 vestigib
741 4115 821 4174 quam
835 4093 999 4154 maritume
1013 4091 1174 4152 iuuerunt:
1183 4089 1253 4150 nde
1264 4089 1396 4152 Mul*
1497 4144 1500 4151 .
1614 4130 1617 4141 ·

279 4176 646 4241 m-mneuuttsiotttun
677 4243 679 4247 ,
