3352 5572
916 445 1159 511 astuosa*
1260 500 1265 511 .

459 655 678 737 stimonium
697 650 834 745 daret,
854 606 997 758 'quinta
1022 562 1219 728 sanctitate
1246 647 1392 727 bellum
1417 655 1591 756 gessisset
1619 636 1622 641 ⁵

458 776 661 878 sociosque
678 785 888 862 tractasset,
908 769 1035 872 deque
1063 795 1107 843 ea
1126 796 1167 844 re
1186 785 1361 844 accurate
1380 771 1566 850 scriberet
1577 805 1601 869 ;¹

387 884 390 888 ’
457 920 634 997 magnam
660 892 762 966 eninr
787 890 869 965 eius
899 888 1163 963 auctoritatem·
1191 889 1232 960 in
1258 914 1302 961 ea
1330 915 1373 962 re
1402 888 1586 972 futuram.
1661 914 1670 933 ’-

458 1011 558 1086 Huic
578 1008 643 1085 ille
653 1003 864 1083 liberaliter
881 1010 895 1058 ³
916 1002 1139 1108 pollicetur:
1161 1002 1303 1080 librum
1323 1032 1478 1110 gravem
1493 1011 1588 1087 mul·

458 1130 508 1204 tis
525 1127 651 1206 verbis
667 1125 909 1228 conscripsit,
937 1126 977 1197 in
999 1149 1077 1231 quo
1104 1125 1363 1199 summissum
1383 1125 1492 1201 effert
1507 1125 1589 1203 lau·

459 1245 583 1322 dibus.
617 1247 739 1340 Quem
761 1228 879 1345 quum
897 1240 1048 1346 legisset
1066 1240 1354 1345 probassetque,
1373 1240 1465 1319 dum
1486 1247 1605 1322 obsi--

459 1363 658 1466 gnatur‚⁴
690 1360 851 1435 alterum
877 1361 961 1463 pari
983 1348 1263 1461 magnitudine,
1291 1373 1395 1434 tanta
1418 1361 1587 1553 similip·

377 1492 383 1505 '
461 1481 573 1578 dine,
597 1494 642 1553 ut
660 1476 826 1554 discerni
854 1503 934 1554 non
961 1493 1109 1581 posset,
1128 1479 1317 1581 signatum
1345 1476 1526 1571 subiecit3
1560 1509 1588 1556 n

462 1622 541 1700 quo
562 1595 838 1672 accuratissime
858 1597 937 1670 eius
957 1595 1151 1672 avaritiam
1178 1591 1448 1696 perfidiamque
1468 1620 1583 1671 accu-

462 1726 575 1791 sarat.
582 1708 883 1816 HincLysander
895 1708 1051 1787 domum
1060 1738 1177 1813 quum
1187 1712 1372 1804 rediisset,
1388 1718 1588 1815 postquam

462 1829 511 1907 de
535 1832 611 1906 suis
641 1829 757 1905 rebus
784 1830 896 1932 gestis
923 1826 1023 1932 apud
1049 1806 1251 1903 maximusd
1275 1831 1587 1934 magistratum,⁵

421 2000 430 2019 .
465 1973 565 2049 quae
582 1945 767 2036 voluerat,
784 1944 953 2037 dixerat3
974 1946 1177 2022 testimonii
1187 1944 1273 2021 loco
1286 1944 1426 2022 librum
1439 1976 1460 2020 a
1473 1947 1589 2022 Phar·

463 2063 610 2140 nabazo
637 2063 769 2140 datum
797 2062 965 2145 tradidit.
993 2061 1130 2152 Hunc,
1157 2077 1343 2138 summoto
1370 2065 1589 2167 Lysandro,

468 2206 588 2282 quum
605 2176 742 2286 ephori
768 2196 1006 2287 cognossent,
1024 2187 1040 2233 ⁶
1066 2181 1140 2285 ipsi
1163 2176 1369 2284 legendum
1388 2179 1587 2257 dederunt.

466 2294 597 2376 Itaille
611 2297 836 2403 imprudens
854 2302 868 2350 ⁷
887 2299 968 2407 ipse
985 2325 1073 2376 suus
1092 2286 1167 2375 fuit
1184 2313 1392 2375 accusator.

485 2578 487 2582 ⁸
503 2560 548 2628 (³)
563 2558 714 2613 &muter
726 2562 865 2631 pollicetar.
882 2559 1007 2617 Libenter
1044 2458 1148 2620 tracto,
1161 2560 1303 2629 cognocite
1316 2560 1353 2610 lta
1363 2555 1476 2628 loquitur
1486 2557 1592 2611 (ἶοιιοιιο

470 455 588 543 ιιιοΙ

339 2650 353 2677 '
447 2638 497 2697 'et
520 2645 677 2714 magnifiee,
695 2646 751 2698 imo
771 2644 911 2716 impensius
928 2662 1007 2717 quam
1058 2644 1228 2714 1113Datame
1248 2645 1283 2698 V.
1305 2645 1421 2711 Graece,
1440 2644 1592 2716 ἀναγιγνῶ·
1641 2713 1643 2717 Ι

470 2723 628 2795 exigebatur,
647 2726 792 2796 pollicetur.
806 2731 844 2781 lta
860 2727 931 2781 scre:
952 2729 1010 2781 sCi·
1058 2745 1138 2784 crass.

469 2823 531 2889 cero
544 2805 635 2879 legatis
648 2810 791 2881 praecepit,
807 2809 925 2864 studium
942 2829 1007 2864 con·

470 2889 607 2945 iurationis
618 2891 788 2947 veliementer
803 2892 945 2960 simulent,
966 2912 1008 2948 ce·

471 2981 541 3026 term
567 2973 679 3040 adeant,
709 2977 773 3030 bene
803 2976 1007 3047 pomeranam

472 3056 579 3112 Sallust.
595 3061 650 3113 Cat.
673 3061 742 3114 XLI.
755 3090 788 3102 -
800 3063 920 3115 Gruoem.
941 3066 1009 3116 ileu·

472 3139 562 3210 singer
576 3138 672 3210 aliique
683 3139 769 3211 plures
786 3141 858 3196 docti
883 3143 932 3197 viri
944 3164 1007 3215 gra·

473 3240 529 3275 rens
541 3221 677 3276 scribentis
688 3223 843 3278 Pharnabazi
856 3231 1010 3298 gravitatem

475 3308 571 3380 potius,
585 3326 662 3379 quam
677 3308 737 3362 libri
746 3309 854 3378 molem,
866 3313 1011 3385 siguificare

476 3391 644 3459 arbitrantur.
667 3386 675 3442 .’
865 3462 869 3468 ³

507 3477 550 3547 (4)
562 3479 632 3531 Dum
643 3478 797 3550 obsignatur.
809 3481 880 3533 Dum
891 3481 1012 3552 epistolae

474 3556 592 3628 sigillum
605 3557 744 3630 imprimit.
758 3590 792 3604 -
801 3559 939 3633 Signatum
955 3566 1011 3617 sub·

476 3643 543 3695 iecit.
551 3643 621 3696 Loco
631 3642 745 3705 alterius,
759 3647 893 3715 supposuit
901 3645 1012 3702 alterum

476 3723 589 3788 librum.
606 3727 648 3781 cui
670 3725 787 3798 sigillum
806 3747 881 3783 suum
898 3729 1008 3800 impres·

476 3817 553 3863 serat.
567 3809 629 3862 Pam
641 3811 725 3880 signat
740 3831 807 3866 naeus
818 3811 923 3865 annrdus
935 3813 1012 3885 lage-

476 3909 546 3955 nam,
562 3891 687 3949 Martialis
700 3894 748 3962 IX,
762 3901 806 3950 89.

510 3971 552 4042 (5)
569 3974 717 4031 Maximum
732 3982 916 4050 magistratum.
924 3977 1011 4051 Epho-

476 4056 641 4114 rosseiliect.

508 4143 552 4212 (6)
581 4141 743 4217 cognossent.
767 4148 907 4221 legendo,
933 4149 1012 4222 igitur

475 4226 606 4301 legissent.
619 4233 657 4285 lta
668 4232 695 4286 in
709 4235 835 4290 Pausania
848 4238 893 4293 IV:
911 4256 923 4289 ss
937 4237 1010 4293 Viu-

475 4311 533 4369 eata
546 4314 670 4391 epistolae
683 4315 794 4387 luerit,
815 4319 940 4393 signaque
957 4319 1009 4378 de·

1093 2862 1136 2928 (7)
1149 2859 1419 2932 Imprwiensdnscius,
1440 2860 1535 2932 quippe
1547 2864 1595 2933 qui

1059 2943 1167 3007 litteras,
1179 2945 1207 2999 in
1220 2955 1295 3016 caput
1304 2947 1510 3017 suumecriptas,
1521 2944 1595 3000 alites

1061 3026 1225 3094 existimans,
1247 3029 1279 3082 ad
1300 3048 1358 3082 suos
1371 3027 1468 3083 tulerit.
1477 3058 1510 3071 ·-
1524 3028 1598 3084 Snus.

1060 3112 1112 3164 Cur
1125 3130 1179 3164 non
1190 3111 1252 3165 dixit
1263 3117 1302 3164 sui
1315 3111 1467 3166 momatur?
1486 3114 1523 3167 lta
1539 3113 1596 3183 sci·

1061 3194 1135 3261 licet,
1151 3197 1185 3249 ait
1200 3197 1341 3262 Lambin,
1360 3209 1390 3253 nt
1407 3217 1475 3252 meas
1496 3213 1519 3251 et
1543 3213 1597 3254 suu

1061 3279 1175 3349 defensor
1191 3276 1302 3344 dicitur,
1320 3283 1364 3353 qui
1388 3301 1431 3335 sne
1452 3292 1479 3337 et
1499 3291 1524 3336 te
1545 3286 1596 3337 de-

1061 3360 1155 3416 studit.

1095 3480 1109 3505 *
1121 3479 1248 3551 Lysandri
1263 3499 1303 3534 res
1317 3481 1442 3536 habemus
1456 3481 1522 3554 apud
1537 3481 1595 3536 Plu·

1062 3570 1115 3615 tsrc
1190 3564 1217 3615 in
1230 3561 1281 3616 sita
1292 3573 1318 3617 ct
1329 3563 1401 3631 alibi,-
1413 3564 1598 3637 Thucydidem

1061 3648 1094 3715 V,
1107 3646 1133 3698 X
1166 3644 1324 3715 opinantem,
1342 3649 1433 3716 timec.
1459 3649 1554 3703 Histoe.
1573 3651 1597 3703 lt

1062 3738 1089 3782 et
1101 3731 1146 3795 W,
1160 3729 1306 3784 Diodorum
1318 3733 1364 3785 xit
1374 3734 1478 3799 sexul,
1493 3732 1598 3805 Polyae-

1062 3831 1128 3866 num
1146 3816 1156 3866 l
1172 3822 1199 3867 et
1212 3815 1276 3880 V11;
1295 3815 1463 3880 Pausaniam,
1484 3818 1597 3888 passim,-

1062 3895 1221 3963 Aelianum,
1251 3901 1363 3970 passim,
1399 3899 1528 3954 tustinum
1559 3903 1595 3970 νς

1061 3983 1217 4037 Frontinum
1234 3984 1257 4047 1,
1272 3990 1298 4046 5¹,
1312 3992 1337 4051 73
1352 3986 1385 4048 ll,
1404 3993 1429 4048 t,
1448 3991 1489 4055 ⁴⁸5
1508 3987 1550 4055 lv,
1570 4001 1596 4052 s,

1062 4072 1087 4136 9;
1097 4068 1263 4131 Ciceronem,
1274 4068 1379 4140 passim.
1391 4069 1510 4122 Borcssn
1522 4068 1597 4124 Adde

1060 4151 1128 4224 opud
1141 4169 1188 4205 nos
1204 4151 1299 4215 Rollin,
1316 4151 1386 4204 Jlne.
1396 4171 1453 4204 asae.
1466 4151 1511 4205 liv.
1521 4151 1595 4218 Vlll,
1621 4216 1624 4221 Ι

1061 4256 1082 4291 r.
1100 4242 1126 4303 2,
1150 4250 1174 4291 et
1191 4238 1245 4304 tx,
1261 4256 1283 4292 c
1303 4247 1312 4290 t
1330 4238 1595 4312 annectentes,

1061 4323 1176 4397 Voyoge
1188 4324 1386 4396 st'Anaslsrrsis,
1398 4334 1449 4382 etc.
