3352 5572
549 440 554 451 '
590 463 789 530 nvunnns
1157 445 1257 562 ²49

141 671 255 778 gebat
275 683 389 773 ceput
405 666 491 746 loro
508 668 523 716 ⁷
545 663 670 758 altius,
687 692 803 770 quam
831 679 873 744 ut
890 664 1079 769 prioribus
1095 661 1259 769 pedibus
1327 681 1334 699 ¹

140 791 256 897 plane
274 804 410 864 terrem
429 800 553 886 posset
566 785 764 887 attingere.
781 782 927 859 Deinde
942 799 1028 888 post
1039 778 1258 863 verberibus

141 905 299 1009 cogebat
307 901 490 1000 exultare,
502 917 541 977 et
561 899 683 977 calces
693 902 906 976 remittere:
925 903 941 953 ⁸
960 901 1024 1000 qui
1043 915 1166 975 motus
1177 922 1258 974 non

139 1029 265 1102 minus
291 1021 468 1100 sudorem
488 1019 711 1116 excutiebat,
728 1045 843 1123 quam
861 1021 890 1094 si
910 1020 950 1093 in
977 1019 1097 1124 spatio
1116 1017 1255 1094 decur-

138 1152 253 1221 reret.
271 1142 358 1236 Quo
376 1138 518 1216 factum
538 1155 604 1223 est,
624 1136 729 1243 quod
744 1136 920 1214 omnibus
940 1134 1111 1212 mirabile
1132 1151 1187 1210 est
1197 1137 1254 1212 vi-

15 1328 28 1349 ,
140 1288 235 1354 snm,
256 1275 301 1335 ut
325 1261 494 1335 iumenta
512 1283 631 1359 neque
658 1253 813 1331 nitidat
830 1282 874 1332 ex
889 1253 1044 1341 castello
1065 1254 1259 1347 educeret,

141 1405 259 1484 quum
276 1376 490 1481 complures
508 1402 653 1451 menses
674 1377 714 1449 in
732 1374 927 1451 obsidione
946 1372 1090 1464 fuisset,
1110 1398 1153 1447 ec
1170 1374 1201 1447 si
1219 1373 1260 1446 in

142 1493 414 1598 campestribus
424 1521 468 1569 ea
488 1490 581 1568 locis
599 1482 799 1568 haliuisset
811 1493 856 1566 ln
875 1492 946 1565 hac
959 1487 1260 1601 conclusione,⁴⁰

142 1613 453 1714 quotiescumque
471 1605 604 1700 voluit,
631 1625 854 1712 apparatum
875 1625 913 1683 et
933 1610 1164 1683 munitiones
1178 1603 1262 1679 An·

142 1730 263 1832 tigoni
290 1725 382 1804 alias
401 1725 586 1817 incendit,
607 1723 698 1801 alins
717 1725 872 1802 disiecit.
900 1727 1042 1802 Tenuit
1070 1741 1195 1800 autem
1221 1747 1260 1796 se

141 1872 220 1924 uno
240 1845 339 1940 loco,
361 1852 389 1898 ⁴¹
419 1842 602 1948 quamdiu
629 1840 702 1918 fuit
719 1843 846 1920 hiems.
867 1843 942 1920 Sed
962 1841 1068 1947 quod
1096 1859 1261 1919 castrum

141 1962 309 2040 subsidia
323 1965 354 2014 ⁴²
383 1961 523 2036 habere
549 1986 630 2036 non
657 1976 819 2064 poterat,
838 1975 875 2036 et
893 1988 957 2038 ver
978 1962 1259 2064 appropinqua·

142 2083 207 2158 bat
218 2109 229 2171 ;
248 2081 415 2156 simulata
433 2078 638 2169 deditione,
657 2078 748 2153 dum
758 2078 804 2154 de
815 2075 1097 2154 conditionibus
1112 2082 1261 2165 tractat,

142 2195 342 2296 praefectis
368 2196 548 2298 Antigoni
574 2197 764 2299 imposuit,
790 2220 906 2297 seque
939 2215 982 2270 ao
1010 2218 1095 2269 suos
1131 2214 1260 2268 omues

141 2312 300 2386 extraxit
326 2308 547 2387 incolumes.
698 2373 703 2379 .
1230 2311 1232 2316 ’

192 2429 255 2501 VI.
263 2426 322 2503 Ad
334 2426 438 2502 hunc
446 2424 654 2531 Olympias,
669 2433 679 2477 ⁴
701 2441 820 2502 mater
835 2449 935 2527 quae
953 2422 1081 2500 fuerat
1097 2419 1258 2498 Alexan·

173 2725 217 2793 (7)
239 2721 423 2795 &dwiagebm
446 2733 519 2794 captu
536 2723 611 2789 loro,
625 2733 674 2780 etc.
758 2724 819 2791 (tt)
837 2721 900 2780 Vno
912 2722 1042 2778 locutios
1056 2719 1154 2776 scilicet
1166 2717 1259 2774 eodem

142 2807 244 2863 sCertis
257 2808 370 2878 quotidie
390 2806 459 2863 horis
478 2808 514 2862 ita
530 2808 671 2880 suspende·
724 2806 839 2863 castello.

138 2893 195 2958 bat,
209 2902 238 2946 ut
251 2891 435 2963 posterioribus
452 2893 559 2964 pedibus
575 2892 673 2958 innixi,
758 2896 828 2962 (tt)
854 2891 929 2965 Quod
950 2905 1059 2946 eastrrun
1081 2892 1200 2946 subsidia.
1226 2891 1258 2944 ld

139 2977 267 3049 prioribus
280 2977 410 3041 allevatis,
430 2997 513 3050 quum
529 2979 673 3033 naturalem
724 2986 781 3042 est,
804 2993 885 3047 quum
905 2984 1015 3029 castrum
1032 2976 1165 3031 obsessum
1186 2992 1258 3029 com·

139 3071 263 3134 appetunt
274 3064 497 3131 consuetudinem,
508 3064 540 3117 ed
552 3065 673 3119 sudorem
725 3069 823 3114 meatus
843 3079 924 3114 nosos
941 3062 1057 3132 accipere
1077 3079 1128 3113 non
1142 3068 1240 3130 poterat
1247 3100 1258 3125 ,

139 3166 221 3219 usque
239 3165 310 3201 crura
324 3150 448 3202 'ructarent
457 3168 479 3200 o.
498 3149 566 3202 Vide
584 3152 673 3203 Front.
724 3164 753 3199 ac
765 3164 811 3199 ver
822 3151 886 3217 (quo
898 3156 1014 3217 tempore
1025 3145 1110 3198 maior
1118 3144 1258 3198 metuenda

139 3226 162 3284 l.
178 3245 202 3282 c.
725 3239 780 3283 erat
796 3229 976 3300 oppugnatio)
999 3226 1113 3293 adesset,
1137 3226 1260 3280 ambabus

174 3313 216 3380 (8)
233 3310 320 3366 Calces
335 3314 467 3366 remittere.
485 3313 514 3366 ld
538 3321 576 3367 est
588 3315 671 3367 Fron·
725 3313 794 3368 hisee
811 3315 891 3386 causis
911 3315 971 3367 hinc
988 3333 1015 3366 se
1033 3312 1153 3383 expedire
1170 3313 1259 3382 cupie-

140 3396 188 3450 sini
202 3416 276 3450 crura
288 3394 397 3453 uetus
724 3399 768 3453 bat
782 3400 917 3452 Eumenes.
934 3396 1007 3451 Aliae
1022 3397 1081 3450 edd.
1099 3397 1165 3466 quod
1177 3408 1260 3449 cam

173 3481 215 3551 (9)
233 3483 320 3552 Aeque
336 3483 426 3537 niudo.
445 3481 594 3552 Opponitnr
609 3481 669 3534 stri·
725 3484 874 3536 subdivo...
886 3494 992 3553 poterut.
1014 3482 1085 3545 Ver,
1106 3477 1259 3536 ete-St·
1344 3528 1350 3539 ,

138 3567 208 3637 gosis
228 3574 254 3618 et
272 3564 334 3620 mali
355 3565 464 3620 habitus.
488 3567 589 3638 Nempe
605 3569 674 3621 nitor
724 3569 818 3620 mulcta
831 3566 967 3619 deditione.
981 3562 1130 3618 Plutarchus
1146 3570 1173 3615 et
1189 3563 1260 3616 Dio-

139 3650 294 3722 pinpnitiem
305 3650 451 3713 comitetur,
464 3662 540 3722 atque
552 3651 613 3705 inde
625 3670 673 3723 pro
725 3650 803 3705 dorus
817 3648 891 3722 paulo
904 3649 979 3703 aliter
999 3656 1026 3700 et
1046 3645 1128 3702 multo
1145 3644 1257 3717 plenius.

140 3733 195 3804 ipsa
217 3733 342 3804 pinguitie
368 3734 501 3789 interdum
527 3744 674 3805 usurpatur.
724 3739 832 3791 Lsnnsr.
856 3739 953 3790 Rursus
970 3734 1045 3788 aliter
1059 3734 1169 3786 lustinus
1187 3728 1259 3798 xtv,

140 3819 207 3872 Hinc
224 3817 354 3872 Phaedrus
370 3820 422 3872 fab.
440 3821 492 3888 111,
514 3824 556 3874 21:
577 3839 588 3871 u
598 3820 673 3873 Vnde
725 3824 750 3874 2.
770 3850 804 3863 -
822 3820 950 3890 Imposuit.
974 3818 1059 3874 Verba
1084 3817 1137 3872 illis
1161 3817 1258 3885 dedit,

139 3902 185 3969 sic,
197 3921 304 3976 quaeso,
321 3905 436 3958 nitesto
724 3905 793 3976 ipsos
812 3903 959 3958 fefellit-
977 3903 1109 3957 Extraxit.
1132 3903 1202 3975 Apte
1225 3902 1259 3957 sd

99 4023 104 4036 ·
175 3989 211 4044 ce
228 3990 287 4061 loup
302 4000 431 4044 nucontrc
450 4008 484 4044 uu
504 3990 587 4060 doguc
608 3993 674 4043 aussi
726 3986 863 4042 notandam
883 3985 1076 4054 difficultatem,
1096 3984 1157 4042 alies
1181 4005 1256 4059 espe-

135 4077 251 4145 puissant
268 4094 314 4146 pue
325 4077 401 4145 keu,
725 4071 799 4128 divis.
1329 4066 1334 4073 '

176 4156 256 4227 Grae,
265 4159 326 4230 puls
445 4157 608 4214 Lesontlals.
616 4158 638 4223 1,
649 4163 675 4212 5.
759 4160 802 4226 (t)
826 4157 975 4232 Olympias.
999 4155 1178 4229 Neoptolemi,
1193 4156 1259 4212 Μο-

125 4253 129 4262 ’
177 4242 676 4318 (so)1ataocouuotone.1.e.quam-
724 4240 853 4296 lossorum
864 4238 1035 4312 regisdilia,
1055 4239 1169 4313 Myrtale
1184 4239 1256 4312 prius

144 4321 188 4379 diu
204 4323 254 4383 hoc
269 4327 298 4382 in
314 4325 420 4385 castello
430 4325 565 4384 corolum
577 4336 625 4385 est.
726 4323 869 4400 appellata,
883 4343 965 4403 quam
990 4324 1124 4400 Philippus
1149 4321 1259 4385 nauso
