3352 5572
441 446 497 507 na
514 441 730 509 tonnano
748 447 918 510 narona
1147 488 1150 493 ·
1189 416 1250 513 33

135 649 285 752 operis:
310 679 336 717 a
353 650 405 726 Et
422 677 493 756 ego
518 648 645 731 Guido
671 653 716 727 de
741 648 927 727 Columna
946 649 1062 757 iudex
1089 652 1135 727 de
1152 654 1249 727 Mes-

133 795 222 844 sana
248 766 488 873 praedictum
513 772 639 847 Ditem
662 768 838 872 (Dictyn)
852 767 1050 846 'Graecum
1066 769 1107 844 in
1133 773 1255 846 omni·

132 884 204 961 bus
230 911 311 961 sum
337 894 507 981 secutus,
533 914 606 993 pro
630 912 677 962 eo
704 884 810 989 quod
837 887 917 990 ipse
943 887 1047 962 Dites
1074 885 1256 991 (Dictys)
1347 891 1352 901 '

132 1002 348 1107 perfectum
366 1013 407 1082 et
432 1004 663 1109 completum
680 1006 771 1079 fecit
782 1006 824 1079 in
838 1003 1014 1081 omnibus
1033 1028 1130 1108 opus
1145 1030 1257 1080 suum

133 1120 183 1195 ad
196 1117 411 1201 litterarum
437 1106 613 1199 videlicet
632 1119 829 1215 solatium,
855 1140 901 1198 ut
925 1148 1052 1199 veram
1078 1122 1257 1199 notitiam

130 1239 295 1316 habeant
321 1243 528 1346 praesentis
554 1241 764 1330 Historiae,
790 1249 832 1316 et
849 1257 894 1316 ut
920 1243 1035 1345 magis
1061 1238 1254 1318 delecten-

133 1357 252 1430 turin
265 1358 358 1462 ipsa.
371 1360 501 1461 Etego
510 1356 704 1433 historiam
717 1358 833 1456 ipsam
849 1381 1040 1433 ornassem
1054 1359 1256 1435 dictamine

133 1473 343 1575 pulchriori
368 1501 439 1580 per
465 1475 667 1579 ampliores
694 1473 933 1577 metaphoras
960 1481 1000 1549 et
1025 1473 1196 1567 colores,
1219 1493 1258 1552 et

132 1617 204 1695 per
219 1593 532 1694 transgressiones
549 1606 813 1681 occurrentes,
840 1615 938 1693 quae
951 1591 1069 1695 ipsius
1084 1592 1257 1667 dictami·

133 1712 192 1786 nis
211 1715 302 1784 sunt
317 1711 501 1813 picturae.
518 1708 593 1784 Sed
605 1709 760 1783 territus
780 1733 826 1782 ex
846 1707 1108 1811 magnitudine
1126 1712 1257 1814 operis

133 1841 204 1901 etc.
223 1857 249 1892 >³
273 1825 360 1902 Non
385 1827 587 1902 intermisit
612 1834 741 1902 tamen
766 1824 892 1901 Guido
919 1827 1022 1900 varia
1041 1852 1088 1899 ex
1105 1851 1173 1900 suo
1192 1850 1253 1901 se·

134 1940 286 2044 culique
306 1943 365 2017 sui
391 1944 545 2044 ingenio
559 1949 751 2034 attexere,
768 1957 812 2016 ut
829 1940 964 2017 lectori
978 1949 1130 2018 attento
1144 1940 1258 2017 facile

133 2057 289 2161 patebit.
310 2055 444 2134 Italice
470 2057 595 2133 lucem
614 2060 707 2136 vidit
723 2059 893 2134 Venetiis
933 2059 1042 2157 1481,
1070 2057 1135 2132 fol.
1162 2061 1257 2132 Ger·

136 2176 303 2248 manicae
343 2173 523 2251 versionis
550 2176 628 2248 MS.
656 2177 696 2247 in
731 2173 825 2246 Bibl.
862 2175 1041 2249 Caesarea
1085 2174 1258 2248 meminit

136 2290 358 2365 Lambecius
391 2307 417 2367 t.
444 2292 499 2383 11,
524 2317 563 2393 p.
576 2288 665 2389 948.
687 2294 842 2365 Latinos
860 2288 1015 2367 Codices
1032 2289 1137 2369 MSS.
1162 2288 1251 2367 lau·

137 2405 202 2481 dat
227 2410 418 2510 Mongitor
453 2425 479 2483 t.
505 2408 524 2480 Ι
548 2404 641 2480 Bibl.
668 2403 838 2498 Siculae,
867 2434 905 2510 p.
936 2407 1022 2482 266.

186 2526 232 2598 In
257 2527 383 2601 Lucae
399 2526 575 2600 Dacherii
593 2522 807 2627 spicilegio,
836 2524 948 2614 tIV,
967 2552 1003 2626 p.
1023 2524 1111 2623 485,
1127 2527 1258 2602 Histo-

136 2647 197 2717 ria
221 2644 400 2739 Homeri,
426 2642 490 2716 ubi
506 2641 595 2715 dicit
611 2655 647 2714 et
657 2638 804 2737 Dares,
821 2638 1023 2744 legendnm
1036 2643 1101 2716 abi
1117 2643 1257 2743 Dictys

136 2772 172 2831 et
195 2755 340 2836 Dares,
365 2764 409 2833 ut
435 2760 508 2830 iam
526 2762 701 2836 notatum
717 2753 852 2831 Paullo
871 2756 1081 2832 Columesio
1100 2757 1140 2831 in
1158 2755 1256 2833 Bibl.

136 2873 293 2964 selecta,
320 2903 358 2977 p.
390 2871 474 2950 168.

186 2994 251 3066 111.
275 2990 385 3068 Falso
405 3017 563 3095 quoque
583 2992 638 3065 uti
654 2987 702 3063 ad
711 2988 969 3066 Alexandrum
987 2995 1039 3068 M.
1049 3001 1257 3089 auctorem,

136 3110 188 3183 sic
207 3110 253 3183 ad
280 3107 500 3185 Cornelium
526 3112 713 3210 Nepotem
739 3122 915 3211 tanquam
933 3109 1182 3216 interpretem
1196 3138 1257 3189 re·

136 3222 260 3300 fertur
290 3224 542 3299 commentitia
567 3219 737 3323 Epistola
769 3222 817 3296 de
848 3223 1077 3301 mirabilibus
1101 3228 1258 3316 Indiae,

137 3367 222 3416 cum
236 3342 498 3444 inscriptione:
517 3336 901 3441 AlexanderMagnus
919 3339 1125 3432 Aristoteli,
1144 3369 1257 3444 prae·

137 3460 285 3561 ceptori
313 3483 403 3548 suo,
429 3452 589 3532 salutem
616 3453 721 3530 dicit.
757 3455 901 3530 Graece
935 3481 1134 3558 nunquam
1162 3455 1258 3531 vidit

136 3572 286 3665 lncem3
312 3572 428 3648 latine
455 3598 568 3662 vero,
589 3589 740 3673 praeter
765 3571 947 3647 editiones
967 3575 1008 3646 in
1024 3571 1260 3649 Bibliotheca

139 3691 300 3785 Graeca,
326 3687 390 3763 lib.
417 3688 475 3780 ΙΙ,
502 3713 534 3762 c.
560 3689 621 3779 X,
651 3697 741 3762 sect.
773 3710 840 3780 17,
868 3715 889 3760 a
917 3713 976 3760 me
1010 3706 1257 3784 memoratas,

100 3900 105 3906 ¹
140 3829 277 3880 excusa
303 3819 360 3878 est
391 3828 516 3907 nuper
542 3804 691 3876 Giessae
716 3799 941 3893 Bassorum,
972 3803 1089 3897 1706,
1115 3806 1141 3881 8
1150 3831 1258 3898 ‚cu-

138 3931 247 3997 rante
272 3920 422 3996 Andrea
439 3917 637 4010 Paullino‚
663 3920 729 4021 qui
756 3943 827 3993 nec
844 3916 893 3991 de
920 3927 1092 4018 auctore,
1109 3948 1182 3997 nec
1210 3922 1259 3998 de

140 4043 351 4144 interprete
362 4038 625 4140 ambigendum
638 4051 741 4110 ratus
751 4088 761 4124 ‚
772 4037 812 4107 in
826 4032 957 4108 schola
966 4037 1261 4116 Darmstadiensi

141 4186 220 4235 eam
254 4160 474 4263 praelegere
507 4151 702 4259 discipulis
729 4154 803 4227 suis
837 4154 1007 4231 instituit.
1034 4160 1262 4265 Quanquam

142 4303 232 4355 vero
243 4295 390 4355 certum
400 4283 458 4353 est
467 4314 479 4377 5
487 4278 531 4363 in
541 4276 613 4355 hac
621 4269 793 4380 Epistola
804 4269 879 4378 legi
892 4272 1077 4384 pleraque
1090 4278 1262 4357 huiusce·

245 4400 337 4478 Con.
356 4399 446 4483 Νη.
1128 4398 1157 4473 C
