3352 5572
516 458 603 520 ovu
637 456 896 523 ruvrtnono
932 458 1212 570 oountntmo
1336 426 1432 560 439

313 661 422 734 quisque
434 656 489 714 seui
502 656 588 712 iudicii
603 658 644 714 vir
656 676 730 731 segre
744 661 817 713 ieret.
827 660 912 730 Nepos
924 669 1021 727 contro,
1034 660 1056 712 si
1068 658 1111 712 vol
1127 657 1265 711 minimum
1276 661 1435 714 sententio·

315 744 425 799 cuilibet
440 743 508 795 sueto
518 741 689 806 subiunserit,
706 742 776 812 qussi
790 741 879 814 euipse
900 744 1015 797 conscius
1030 741 1079 795 sibi
1097 739 1208 795 ridetur.
1223 743 1281 796 Hoe
1296 745 1352 797 loeo
1368 745 1433 800 tttse

313 834 477 898 interponere,
489 825 573 898 inquit
587 826 614 878 in
630 825 757 894 Pelopida
771 826 816 889 lli,
836 832 883 880 etsi
902 829 1035 880 seiunctum
1050 826 1083 878 ob
1100 842 1128 878 re
1142 830 1270 895 proposito
1286 839 1329 882 est.
1346 829 1378 882 Et
1389 837 1430 882 tt·

312 928 374 962 neo
390 908 445 962 eius
458 906 704 973 snimrdversioues,
715 925 778 976 quse
791 906 942 979 plerumque
956 907 1059 962 ciuilem
1073 906 1237 976 prudentiam
1251 915 1278 959 et
1290 907 1432 978 regendam

311 989 500 1062 rempublicam
512 997 640 1059 spectant,
653 1006 705 1041 nou
720 985 805 1041 solum
820 987 990 1042 elsrissiruum
1003 988 1118 1042 veritatis
1132 987 1232 1052 lumen,
1241 988 1286 1042 sed
1300 991 1441 1060 egregiam.

311 1086 412 1140 quoque
425 1068 580 1122 brevitrtem
592 1076 620 1122 et
635 1067 768 1121 vividioris
780 1067 842 1120 dieti
854 1068 936 1122 etiem
949 1087 1036 1122 seeum
1050 1069 1194 1123 serunt.Sie
1205 1067 1258 1132 ilis,
1270 1071 1297 1122 iu
1309 1068 1433 1138 Gholriq

312 1154 359 1214 ΙΙΙ,
374 1168 451 1222 ‘luem
466 1148 645 1202 Sallustianum
660 1148 767 1200 diceres:
783 1148 833 1200 Est
847 1154 914 1202 enim
927 1150 974 1201 boo
987 1168 1115 1202 commune
1127 1152 1211 1202 uitium
1228 1153 1255 1200 in
1271 1153 1376 1220 mugnis
1393 1150 1428 1202 li·

311 1233 421 1298 lorisque
434 1230 582 1294 minutus,
596 1242 623 1283 ut
633 1229 729 1281 invidio
749 1230 846 1298 gloriae
861 1248 942 1283 eomes
955 1235 997 1292 sit,
1017 1241 1041 1282 et
1060 1231 1165 1283 lihetner
1180 1230 1213 1282 de
1230 1229 1271 1281 leis
1287 1229 1429 1296 detroltant,

311 1331 370 1382 quos
384 1312 494 1364 enrineru
506 1310 607 1362 videant
626 1311 715 1377 ultim
732 1327 810 1380 noque
828 1313 914 1363 animo
930 1330 1008 1381 oeqreo
1024 1329 1144 1380 pauperes
1158 1311 1267 1362 alienant
1279 1312 1431 1382 opilentitutt

311 1397 434 1446 innunuu
439 1394 586 1462 fortunam.
593 1391 652 1443 Duo
669 1401 769 1444 tantum
787 1393 884 1457 notavi,
902 1391 1037 1462 inquibus
1055 1409 1171 1461 peeessse
1190 1391 1316 1460 Nepotem
1328 1409 1431 1458 censeo,

310 1473 339 1525 in
353 1473 432 1542 priori
449 1473 555 1543 quidem
568 1471 660 1534 levius,
674 1490 755 1541 quum
768 1473 803 1524 its
817 1471 850 1524 de
864 1473 977 1526 dumetis
990 1471 1064 1536 Xlll,
1081 1470 1207 1539 loquium
1227 1471 1261 1523 ln
1276 1491 1325 1541 quo
1337 1485 1431 1541 quosue

308 1557 387 1628 suerit
403 1560 515 1608 omniunt
530 1555 615 1624 opinio
628 1571 721 1617 eorum,
745 1557 788 1624 qui
803 1566 860 1625 post
877 1555 1052 1607 Alexandrum
1066 1555 1194 1626 Magnum
1212 1572 1286 1624 reges
1302 1567 1362 1607 sunt
1378 1574 1428 1624 np-

309 1637 409 1708 pslloti,
422 1655 454 1689 ex
466 1636 510 1690 boo
519 1636 650 1709 sortillime
661 1649 742 1705 potest
755 1635 874 1700 iudicari,
892 1637 962 1705 quod
975 1653 1055 1699 nemo,
1066 1635 1178 1688 Eutnerte
1191 1639 1257 1700 vivo,
1277 1655 1323 1689 rex
1339 1639 1429 1709 appel·

272 1748 274 1766 .
308 1718 373 1770 letus
386 1730 428 1782 est,
438 1717 483 1770 sed
493 1719 643 1791 praefectum
658 1717 746 1780 iidem,
757 1730 812 1787 post
827 1717 898 1769 lenius
910 1734 1032 1781 mrtem,
1043 1721 1127 1768 stetim
1141 1717 1239 1788 regium
1252 1729 1369 1770 ornatum
1379 1736 1427 1774 no·

307 1816 412 1872 nernqtts
424 1811 585 1870 «inspuerunt.
602 1796 678 1866 Quod
692 1795 791 1850 seilicet
804 1815 858 1849 nou
871 1806 921 1851 turn
940 1799 1071 1858 Eumenis,
1084 1815 1162 1864 quem
1175 1798 1346 1852 uerecundiae
1357 1817 1430 1852 estus

308 1897 362 1934 esse
379 1880 476 1934 fretum
492 1879 582 1932 soribtt
595 1880 707 1932 Iustinus
721 1878 781 1942 XV,
796 1883 824 1943 Ι,
841 1889 868 1931 et
883 1895 931 1949 ego
944 1896 1048 1948 quoque
1060 1877 1199 1930 existimor
1218 1895 1272 1930 uon
1288 1877 1361 1930 enim
1376 1896 1429 1933 uno

311 1962 458 2032 sudemque
475 1960 598 2030 temporis
608 1968 744 2012 momento
760 1977 851 2013 omues
867 1969 924 2033 post
941 1960 1066 2013 Eumenis
1085 1969 1198 2011 mortem
1216 1957 1316 2028 regium
1330 1977 1428 2012 nomen

307 2045 468 2108 affectarunt,
483 2040 538 2103 ssd,
550 2040 595 2094 ubi
613 2058 679 2092 unus
693 2042 852 2109 praeivisset,
865 2059 957 2096 omnes
973 2051 1033 2094 sunt
1045 2040 1124 2094 nnius
1137 2039 1309 2094 smbitionem
1322 2039 1427 2092 imitati.

307 2125 427 2179 Alterum
441 2123 587 2195 esempium
600 2122 703 2194 gravius
717 2123 837 2177 orbitrort
855 2124 923 2195 quod
936 2124 1040 2194 quidem
1053 2124 1164 2195 pertinet
1178 2123 1210 2176 ed
1228 2122 1427 2194 praeiudicatum

308 2204 380 2257 illem
395 2203 580 2276 plerorumque
595 2214 712 2258 veterum
729 2206 891 2277 opinionem,
907 2204 1066 2276 quintillam
1083 2206 1137 2262 sere
1149 2205 1200 2258 uisi
1221 2203 1326 2258 civilem
1341 2201 1425 2257 virtu·

308 2293 361 2337 tem
376 2283 511 2338 colendam
538 2304 591 2339 esse
607 2285 795 2351 existimabant,
812 2287 914 2341 nolinrn
936 2305 990 2340 esse
1004 2286 1064 2341 tidei
1080 2285 1168 2340 locum
1189 2303 1251 2356 erge
1267 2283 1362 2355 petrise
1375 2281 1427 2337 bo-

306 2375 366 2420 stes.
384 2365 491 2419 Soilieet
507 2385 591 2438 quum
608 2368 709 2432 Durius,
723 2386 767 2419 rex
783 2371 925 2435 Persemm,
938 2371 966 2421 iu
978 2368 1047 2422 bello
1059 2366 1180 2420 adversus
1194 2364 1319 2438 Scythes,
1340 2365 1427 2436 pontis

304 2448 335 2500 in
352 2448 417 2502 lrtro
434 2446 543 2500 flumine
557 2448 617 2502 sueti
631 2447 777 2502 Miltiadem
799 2459 825 2503 et
844 2449 970 2521 quosdem
988 2449 1118 2521 principes
1133 2447 1251 2500 custodes
1269 2446 1427 2518 reliquisset,

304 2526 351 2581 ille
363 2538 461 2582 eeteros
474 2529 590 2583 hortatus
601 2539 649 2591 est,
663 2540 692 2582 ut
706 2540 811 2601 pontem
823 2531 1008 2599 reroiuderentp
1023 2533 1058 2584 ite
1070 2532 1140 2582 enim
1153 2547 1241 2601 regem
1256 2527 1298 2580 vel
1313 2528 1426 2584 hostium

304 2609 384 2672 itero,
402 2608 445 2663 nel
471 2611 575 2681 inopis,
600 2612 687 2679 prucis
705 2612 795 2664 diebus
812 2612 987 2666 interiturum.
1011 2610 1084 2667 Citius
1106 2614 1173 2664 tutio
1180 2650 1190 2675 ,
1215 2610 1302 2680 iuquit
1319 2608 1425 2680 Nepos,

304 2691 422 2744 Miltiod.
437 2692 480 2756 ΙΙΙ,
492 2694 538 2744 etsi
554 2711 603 2745 non
621 2695 715 2757 uoluit,
729 2706 812 2745 tamen
830 2713 982 2764 magnopere
998 2707 1033 2746 est
1056 2694 1194 2754 laudanda,
1217 2708 1291 2762 omne
1312 2693 1424 2744 amietos·

304 2780 416 2827 omnium
432 2775 551 2840 libertati,
569 2794 644 2847 quant
657 2775 805 2847 nseosuerit
826 2774 1001 2828 dominationi.
1024 2774 1154 2829 Miltiades
1173 2785 1259 2828 temen
1278 2773 1360 2825 iidem
1374 2773 1423 2827 ‹ts-

304 2856 387 2918 deret,
400 2875 427 2908 se
444 2874 576 2925 uunquam
594 2860 660 2926 regis
674 2856 778 2910 consilis
803 2855 973 2925 proditurum,
991 2875 1080 2927 quem,
1099 2855 1218 2920 beroule,
1235 2854 1314 2908 tidem
1328 2872 1361 2907 rte
1379 2872 1426 2925 pro

306 2935 387 3005 ipsius
403 2937 509 3006 quidem
532 2938 645 2991 civitatis
666 2938 809 2991 commodis
830 2936 926 2992 violare
943 2938 1080 3002 debuisset,
1097 2937 1141 2991 sed
1156 2935 1287 3001 Aristidis,
1306 2945 1333 2990 et
1350 2936 1426 3006 ipsius

304 3019 383 3070 etiem
400 3018 562 3072 Athenarum
579 3018 661 3090 plebis
678 3038 787 3089 require
801 3038 926 3091 magnum
943 3021 1071 3082 mimum,
1092 3019 1137 3092 qui
1159 3021 1247 3091 prucis
1261 3029 1318 3089 post
1338 3018 1423 3080 annis,
1528 3046 1536 3060 x

304 3099 487 3153 Themistoclis
500 3098 648 3169 eonsilium,
663 3100 728 3154 utile
740 3102 858 3174 quidem,
878 3102 924 3157 sed
946 3101 1131 3165 inhonestum,
1150 3098 1284 3165 &amoni
1301 3103 1423 3151 omniurn

303 3198 427 3234 mouens
444 3183 597 3236 reieeerunt.

337 3266 459 3318 Ceterum
481 3266 547 3319 sdeo
564 3285 616 3320 nou
634 3265 730 3320 multos
753 3264 903 3336 huiusmodi
913 3283 1011 3320 errores
1027 3265 1055 3317 in
1070 3263 1170 3335 Nepote
1187 3261 1377 3334 deprehendes.
1393 3269 1425 3315 ut

304 3355 392 3399 wuito
405 3364 483 3400 nemo
499 3365 551 3401 uon
566 3349 683 3414 fatentur,
697 3347 822 3418 quidquid
835 3349 857 3400 is
869 3349 1026 3421 cogitaverit,
1042 3347 1149 3400 veritrte
1162 3343 1242 3398 simui
1256 3354 1282 3396 et
1291 3344 1317 3395 ei
1327 3341 1423 3408 velers,

304 3429 424 3502 quodque
438 3432 526 3503 megui
539 3432 617 3484 etism
631 3431 792 3495 iaciendum,
809 3447 872 3483 eum
893 3447 1028 3502 nunquam
1042 3430 1069 3482 in
1086 3426 1222 3485 dicendoa
1236 3434 1304 3478 reete
1318 3423 1423 3494 simpli·

304 3513 383 3565 oiseis
395 3522 502 3564 untureo
514 3514 558 3566 vio
572 3511 775 3576 tenuissimae
787 3510 894 3584 quidem
905 3529 987 3580 quum
1002 3529 1067 3582 puro
1080 3519 1106 3561 et
1120 3507 1230 3561 orndido
1242 3505 1424 3578 ingruiu,tum

305 3593 367 3664 ipsi,
380 3611 446 3660 qure
460 3593 588 3664 Nepotem
606 3592 675 3658 tulit,
690 3594 764 3646 setrti
782 3591 949 3646 tribuendum
963 3592 1081 3645 arbitror.
1103 3587 1189 3643 Multo
1209 3593 1281 3641 enim
1298 3588 1425 3640 annonis

307 3673 449 3745 elegantiae
470 3675 553 3744 optior
569 3684 594 3728 et
612 3676 828 3728 accommodetior
847 3673 895 3725 luit
903 3714 913 3738 ,
934 3691 1011 3742 quom
1030 3670 1159 3723 Plutsrebi
1176 3679 1252 3722 setes.
1270 3666 1425 3722 iamdudum

309 3756 566 3822 Terentii‚Lueretii,
578 3766 773 3827 oeterorumque
785 3760 918 3827 pte'tsrum
929 3752 1062 3815 industrie,
1072 3752 1140 3821 prior
1156 3750 1200 3803 itta
1210 3752 1328 3803 Etrusose
1340 3748 1426 3803 barbe

308 3839 362 3890 rire
373 3839 442 3892 lebes
454 3857 558 3911 proetus
572 3849 719 3903 evanuerat,
733 3858 780 3893 neo
793 3849 880 3891 tomen
894 3839 925 3890 ed
939 3838 1007 3889 bnne
1022 3833 1205 3905 politissimum
1224 3833 1323 3889 cultum
1337 3833 1425 3904 lingue

311 3930 471 3987 perseueret,
483 3922 529 3994 qui
543 3922 587 3975 ubi
601 3924 627 3975 in
640 3919 760 3990 plurimis
778 3919 878 3989 seriptis
894 3917 1026 3978 enitescit,
1050 3931 1150 3968 neoeste
1170 3912 1363 3984 quodammodo
1375 3923 1426 3981 eit,

309 4007 439 4051 intruetur
451 4000 504 4053 ism
516 4000 586 4054 oliurl
600 4020 680 4072 quom
699 4004 839 4072 ingenuam
854 3997 1070 4069 perspicuitatem,
1083 3994 1288 4064 inoffeotstosque
1301 4003 1423 4046 venuste·

310 4087 349 4134 tes
361 4090 531 4149 oouseetetue,
545 4084 566 4137 si
581 4083 644 4156 quid
659 4083 720 4138 novi
734 4091 760 4134 et
777 4077 911 4150 singularis
929 4078 954 4129 in
969 4074 1100 4146 publicum
1116 4075 1228 4146 proferre
1244 4074 1363 4131 voluerit·
1376 4077 1425 4129 Its·

311 4175 363 4243 qus
379 4160 463 4239 ttepos
475 4162 568 4227 eodem
581 4184 683 4245 semper
697 4172 777 4224 treetu
794 4161 860 4235 iluitt
873 4178 906 4223 ue
920 4176 998 4218 unam
1012 4155 1118 4236 quidem
1130 4155 1296 4224 sententiam,
1309 4156 1331 4217 ei
1346 4173 1425 4221 men·
