3352 5572
252 414 348 525 442
405 411 409 417 ’
605 422 808 490 connecu
842 422 1037 499 unone

247 634 351 711 pestiis,
369 642 395 692 et
407 602 514 689 tetii&
529 629 712 701 expeditiones.
733 638 759 683 et
779 628 986 703 motiones
1008 628 1125 684 urbium.
1145 632 1233 702 Quunt
1247 648 1309 705 seps
1322 632 1372 706 pt.

250 729 334 774 cteres
349 738 382 774 ex
402 716 476 771 vuitu
498 726 524 769 et
546 717 646 776 iroute.
665 715 693 766 iu
710 711 803 782 quihus
822 726 909 764 utores
932 711 1170 781 deprehenduntur.
1184 715 1373 774 similitudines

249 800 356 853 omnino
373 797 486 869 pendere
498 798 654 858 existiment,
673 803 816 846 estersnuu
838 793 951 862 psrtiurn
967 793 1106 862 incuriosi3
1123 796 1161 847 sic
1179 795 1254 850 nohis
1270 815 1368 852 mnes·

250 876 326 931 detur
342 879 422 929 enimi
448 876 597 947 praesertim
620 873 722 928 indiciis
743 871 892 936 sdhserere,
915 882 940 924 st
965 872 1106 942 isnspinem
1124 876 1248 950 cuiutque
1271 882 1371 934 mentis

249 959 404 1027 exprimere·
422 954 527 1026 praelis.
538 964 685 1022 cseteruque
702 951 771 1005 bello
785 949 827 1004 sel
851 953 924 1004 domi
941 960 1011 1022 gestu
1031 955 1139 1007 cseteris
1151 954 1368 1027 celinqusntum

248 1037 277 1088 lu
296 1035 335 1089 his
352 1035 423 1090 dedit
434 1034 495 1089 ariis
508 1052 567 1088 ssstc
584 1037 657 1106 qtrssi
670 1032 763 1105 legum.

282 1160 338 1216 Nec
351 1169 482 1231 praecepit
495 1167 605 1223 tentum,
615 1158 659 1212 sed
674 1154 823 1227 exemplum
837 1173 941 1228 quoque
962 1153 1111 1210 Plutarchus
1124 1157 1244 1213 exhibuit.
1258 1161 1368 1232 Vbiqus

249 1238 363 1295 enimin
381 1239 448 1294 vitis
463 1239 609 1293 huiusmodi
624 1238 700 1290 serbe
716 1248 758 1290 eut
775 1238 839 1291 tscu
856 1245 1002 1303 occurrunt,
1015 1254 1078 1306 quse
1096 1256 1148 1290 uun
1162 1249 1214 1291 tsru
1230 1239 1325 1292 instem
1339 1253 1367 1297 st

248 1325 361 1397 peritum
377 1324 480 1384 ducem,
495 1338 583 1391 regem
597 1322 803 1391 magnenirnuur,
816 1329 859 1372 sut
870 1321 1000 1391 integrum
1019 1321 1192 1392 magistratum
1204 1321 1366 1392 describunt,

247 1422 327 1478 quent
341 1406 424 1474 ipsum
442 1404 587 1468 homiuem,
601 1401 684 1474 quslts
697 1402 783 1454 suerit.
804 1401 933 1474 Equidem
946 1415 1029 1474 quum
1042 1402 1165 1469 sitierint,
1176 1404 1202 1456 iu
1214 1404 1303 1458 (istriis
1317 1415 1365 1462 sut

247 1488 366 1548 Arriano,
379 1485 553 1540 Alexandrum
569 1484 673 1538 helisei
687 1483 805 1539 incendia
820 1482 896 1554 lunge
910 1485 1011 1557 isteque
1031 1486 1255 1539 circumferentem
1269 1496 1295 1540 ei
1309 1488 1363 1542 do·

245 1570 322 1629 mito.
338 1586 388 1640 qus
400 1566 511 1640 putchst,
525 1569 588 1639 Cyri
606 1567 728 1638 irnperio,
747 1565 779 1618 sd
798 1565 880 1619 arides
896 1585 979 1638 usque
999 1565 1153 1638 Scytharum
1166 1567 1319 1624 solitudines
1336 1579 1366 1626 et

245 1650 393 1716 Occursum,
415 1659 541 1702 terrerum
565 1653 725 1711 terminum,
748 1664 836 1700 turres
848 1656 876 1699 et
897 1648 1051 1701 inseiisbiiss
1069 1650 1242 1721 porrigentem
1261 1668 1364 1718 manus,

246 1728 412 1784 ambitiosum
430 1746 518 1802 regem
535 1730 622 1792 luisse,
636 1730 700 1783 uiti
715 1731 878 1800 perspicuum
902 1738 950 1798 est3
966 1728 1009 1781 sed
1025 1728 1134 1800 plenius,
1150 1739 1180 1782 ut
1191 1731 1322 1798 existimo,
1335 1741 1366 1788 st

244 1810 360 1872 vividior
373 1815 461 1886 inungo
474 1814 571 1873 luisset.
585 1815 605 1867 si
618 1831 688 1874 eum.
700 1823 728 1865 ut
741 1811 901 1881 Plutarchus,
917 1811 1098 1879 ostendissent,
1116 1829 1224 1883 puerum
1237 1814 1321 1869 sdhtsc
1335 1824 1366 1871 st

244 1895 272 1950 in
285 1897 368 1969 prims
382 1904 474 1958 setsts,
494 1905 668 1960 moerentem,
687 1896 756 1967 quod
770 1895 890 1948 ornuium
910 1897 992 1948 sictut
1008 1895 1143 1967 Phiiippus
1159 1896 1223 1951 nihil
1236 1898 1284 1968 ipsi
1296 1901 1363 1952 vin·

243 1970 356 2032 cendum
374 1977 584 2051 relinqueretur
607 1976 701 2030 deiude
715 1976 848 2030 Aristoteli
864 1978 1005 2041 insensum,
1023 1977 1091 2049 quud
1110 1980 1205 2034 librum
1221 1976 1362 2048 edidisset,

243 2058 271 2115 itt
286 2078 338 2132 quo
354 2061 465 2115 occuitus
478 2061 608 2115 doctrines
619 2061 720 2114 iecisset
735 2058 830 2130 publici
843 2059 918 2124 iuris,
930 2059 992 2112 dum
1004 2062 1059 2131 ipse
1069 2061 1177 2116 sibi-uui
1190 2070 1260 2117 notes
1272 2062 1363 2133 vellet,

243 2140 314 2217 qussi
328 2155 381 2196 non
393 2143 484 2196 mundi
495 2142 596 2208 solum,
618 2138 663 2195 sed
678 2142 795 2195 omniurn
809 2138 973 2212 physicsrurn
994 2160 1081 2196 rerum
1101 2152 1210 2216 sugusto
1229 2146 1257 2199 iu
1274 2144 1363 2202 limite

242 2234 367 2295 sestusns,
380 2242 531 2299 superarum
549 2242 653 2299 qusque
671 2234 697 2279 et
714 2222 846 2278 meutihus
859 2234 961 2278 tentum
977 2237 1153 2295 percepturum
1166 2229 1304 2298 imperium
1319 2244 1366 2302 sp·

244 2318 352 2382 peieret.
365 2308 418 2364 llos
431 2311 550 2383 quidem,
563 2308 666 2382 quenda
682 2308 775 2363 Caesus
788 2306 912 2378 populum
933 2306 1108 2380 isrpitionihus
1120 2309 1170 2363 sibi
1182 2310 1306 2378 devincit,
1317 2320 1366 2368 tttt

243 2411 303 2446 curn
319 2390 441 2463 Pompeio
458 2402 485 2446 et
501 2394 594 2446 Crsssn
612 2392 752 2445 smicitism
777 2391 928 2461 coniungit,
951 2399 980 2443 ut
1002 2390 1100 2446 neisn’o
1123 2390 1169 2446 iiio
1192 2393 1364 2450 triumviratu

241 2473 429 2544 rempublictm
444 2475 584 2544 opprimet,
596 2482 753 2543 perpetuum
766 2469 917 2524 dictatorem
932 2474 1124 2543 prseseutintus5
1137 2482 1161 2525 rt
1173 2484 1271 2546 qusuto
1282 2488 1363 2546 aper·

242 2554 291 2607 iius
304 2558 357 2627 ipsc
372 2573 398 2610 se
411 2553 533 2618 declaret,
549 2555 680 2626 Euripidis
694 2571 798 2607 versum
813 2554 967 2608 dictitandor
980 2554 1012 2607 Si
1025 2556 1171 2609 uiolandum
1183 2570 1217 2610 est
1230 2562 1276 2626 ius,
1287 2560 1366 2630 regni

239 2648 333 2690 tersurus
349 2640 435 2710 gratia
452 2639 598 2691 uiolandum
612 2651 657 2690 est.
670 2639 756 2691 Ceteri
778 2638 915 2692 Ctesucem
937 2647 1076 2708 tyrannum
1095 2641 1163 2692 inter
1178 2639 1289 2694 Romsni
1308 2642 1364 2698 fori

240 2715 367 2772 tumultus
380 2719 559 2788 ostenderun13
575 2718 726 2774 Plutarchus
739 2731 882 2792 tytsnnunt
898 2722 926 2773 iu
943 2720 1044 2773 desecto
1056 2720 1231 2790 Hispsuiensls
1247 2725 1362 2793 provin·

241 2798 295 2856 ciue
307 2798 430 2870 oppidulo
450 2800 630 2870 deprehendit,
646 2803 673 2855 in
691 2820 745 2874 quo
762 2801 874 2873 primum
889 2821 915 2854 se
929 2820 984 2856 esse
1001 2803 1090 2856 maliet
1100 2804 1202 2867 Caesus,
1212 2819 1288 2875 qustn
1301 2806 1360 2859 uo·

240 2876 298 2934 rute
311 2878 463 2932 secuntum.
472 2880 565 2935 Nullus
579 2896 665 2937 sutem
681 2883 721 2936 vel
734 2884 760 2935 in
774 2885 829 2954 ipss
842 2891 962 2954 psiecnsc
974 2883 1066 2938 domus
1078 2884 1119 2937 vel
1134 2886 1162 2938 in
1175 2883 1363 2943 rhetoricsturn

242 2954 401 3017 odlcinrrum
415 2962 517 3025 umbre.
540 2967 668 3031 curiosam
695 2964 826 3018 Plutarchi
843 2966 925 3017 scient
947 2964 1047 3036 fugiut3
1071 2968 1114 3037 qui
1136 2971 1189 3020 ism
1207 2967 1233 3019 in
1251 2971 1364 3038 pueritie

239 3042 382 3117 pervicaces
398 3054 424 3097 et
437 3044 549 3101 invicti
559 3047 688 3100 Catonum
711 3049 812 3101 enimus
828 3047 934 3118 detegit.
949 3049 1016 3100 Nem
1033 3067 1098 3119 quse
1116 3049 1230 3120 periculs
1244 3066 1364 3122 unqustn

239 3126 363 3194 bonsbtt,
375 3144 454 3201 quern
468 3147 499 3180 nc
511 3145 581 3181 mors
595 3129 703 3200 quidem
718 3131 789 3183 flexit
803 3148 882 3198 puero
895 3149 909 3183 s
923 3131 1003 3183 Latiis
1020 3129 1110 3202 legetis
1123 3134 1262 3187 intentata?
1272 3135 1363 3202 Quem

238 3224 354 3281 usquein
366 3217 504 3281 tyrannum
518 3209 594 3270 seret,
608 3208 653 3280 qui
677 3211 742 3279 ipsos
759 3210 838 3265 etiem
858 3207 925 3264 inter
945 3208 1134 3280 condiscipulos
1149 3214 1252 3285 tyranni
1273 3209 1364 3269 lilium

239 3293 332 3363 pugnis
348 3300 375 3345 et
386 3290 526 3361 unguibus,
540 3309 623 3362 quum
640 3289 714 3344 slitcr
728 3308 780 3344 nou
794 3301 888 3365 posset,
903 3290 1001 3363 lucessit
1015 3301 1041 3344 et
1051 3292 1228 3365 persequitur?
1241 3290 1366 3353 luitnttus

238 3376 298 3440 situ,
313 3375 336 3428 si
349 3372 470 3430 omnibus
483 3372 629 3429 huiusmodi
647 3373 766 3447 esempis
777 3366 821 3426 hic
834 3372 926 3427 efferre
944 3372 1035 3431 iclim.

274 3494 326 3552 set
340 3512 423 3568 quum
442 3499 510 3550 iuter
527 3495 646 3552 homines
664 3492 751 3551 edesse
763 3510 866 3567 setnper
878 3497 999 3552 sidestuc
1013 3514 1089 3551 cuturn
1106 3499 1196 3570 essiquc
1209 3498 1298 3553 virtuti
1313 3502 1359 3555 si·

238 3577 315 3638 tium.
329 3582 365 3632 sic
377 3594 509 3632 sumntum
527 3579 592 3633 iilud
614 3594 716 3632 morunt
730 3590 757 3633 et
775 3580 890 3651 ptisstte
907 3584 977 3637 sites
990 3582 1104 3636 studium
1118 3582 1265 3650 scriptorem
1280 3577 1312 3630 sd
1328 3583 1360 3634 iti

241 3656 355 3723 redducit,
370 3667 398 3713 ut
419 3661 546 3732 quaedem
567 3660 671 3715 levioris
688 3670 713 3714 et
729 3663 805 3732 qussi
821 3660 919 3716 nullius
939 3665 1064 3718 momenti
1088 3671 1194 3717 noter«.
1215 3659 1359 3716 lierniuer'n

239 3756 299 3798 stne
314 3741 387 3809 hilii,
400 3753 500 3797 veteres
514 3746 652 3797 rnsxirutm
670 3745 698 3797 in
712 3743 845 3799 secundis
860 3748 989 3815 auspiciis,
1005 3743 1179 3813 sdessndisque
1189 3738 1296 3793 orscuiis
1308 3758 1362 3799 eu.

240 3838 296 3879 rsttt
309 3826 433 3895 putuisse3
450 3844 535 3898 neque
548 3842 605 3879 rent
619 3826 741 3882 historico
760 3825 928 3881 omittendum
950 3842 1049 3878 censere
1065 3825 1101 3877 tit
1121 3821 1231 3875 mininie
1252 3839 1362 3882 necesse

240 3914 289 3973 ssi,
302 3914 332 3959 ut
343 3905 484 3960 ishuiossru
504 3908 563 3960 iden
580 3908 736 3980 iueptisrutn
750 3909 844 3962 serien
864 3907 891 3960 iu
913 3920 1011 3975 qusque
1034 3902 1149 3955 siturum
1163 3899 1215 3953 sits
1231 3902 1359 3960 ordietur.

241 3984 300 4043 litte
317 3991 403 4045 minus
416 4007 494 4064 quem
512 3999 610 4062 sepiem
623 4003 650 4048 et
670 3994 761 4064 viginti
778 3988 893 4064 prodigit
909 3989 952 4039 tili
971 3982 1072 4038 mul!
1093 3982 1121 4036 lu
1138 3984 1288 4039 Almmlm
1302 4005 1358 4041 nu·

240 4073 352 4130 tuenti.
368 4076 434 4130 't'srn
451 4090 530 4145 portu
546 4072 573 4129 in
594 4075 767 4133 mensurandis
787 4070 928 4150 psatiiitus
946 4068 1022 4139 segis
1041 4065 1167 4123 industris
1184 4071 1360 4144 suspicionem

239 4152 308 4217 hunc
324 4153 415 4217 iecisti
434 4158 525 4216 sterce
541 4161 637 4237 puerit,
655 4158 822 4219 ttuuectue
840 4168 935 4231 sempe
958 4152 1043 4234 ipsum
1060 4152 1154 4210 sedens
1174 4153 1360 4232 superstitione
