3352 5572
441 421 532 521 132
549 430 560 437 ”
873 452 1122 520 atomsmm

432 676 578 754 vocata,
595 661 648 738 sic
664 657 782 740 rerba
796 656 900 752 iecit,
917 673 963 735 at
980 684 1093 735 nemo
1113 673 1188 735 tam
1201 655 1306 736 ferus
1317 654 1448 748 luerit,
1460 661 1560 762 quin

432 782 512 855 cius
531 805 658 856 casnm
676 776 909 884 lacrymaris,
928 778 1200 879 inimicumque
1216 776 1273 852 bis
1287 802 1328 853 se
1336 773 1557 871 ostenderit,

428 923 594 1001 quorum
615 923 732 1002 opera
764 898 890 1003 patria
920 895 1049 996 pulsus
1075 893 1222 972 fuerat:
1239 893 1420 1001 -proinde
1450 922 1496 971 ac
1524 900 1563 974 si·

428 1011 525 1091 alius
542 1013 729 1121 populns,
748 1041 829 1090 non
848 1012 917 1090 ille
933 1015 1038 1117 ipse,
1054 1014 1122 1118 qui
1140 1030 1220 1090 tam
1237 1011 1356 1089 flebat
1363 1072 1377 1108 ,
1396 1038 1482 1089 eum
1501 1041 1558 1090 sa-

368 1118 374 1129 .
428 1130 573 1238 crilegii
592 1131 821 1210 damnasset.
841 1132 1028 1209 Restituta
1049 1157 1142 1236 ergo
1164 1132 1255 1208 huic
1282 1149 1372 1211 sunt
1398 1129 1555 1236 publice

367 1237 372 1247 ’
426 1246 548 1340 bona3
566 1248 759 1352 iidemque
778 1247 835 1324 illi
851 1245 1103 1353 Eumolpidae
1114 1248 1329 1327 sacerdotes
1347 1275 1478 1326 rursus
1500 1276 1558 1326 re·

428 1391 576 1444 sacrare
594 1365 610 1420 ⁵
628 1382 717 1443 sunt
736 1369 882 1462 coacti,
899 1368 965 1470 qui
993 1391 1082 1443 cum
1102 1366 1358 1460 devoverant3
1379 1366 1557 1470 pilaeque

428 1480 532 1576 illae,
551 1485 590 1560 in
608 1483 749 1587 quibus
768 1485 923 1566 devotio
940 1485 1066 1561 luerat
1081 1487 1242 1591 scripta,
1259 1488 1301 1562 in
1319 1511 1424 1564 mare
1443 1513 1556 1592 prac-

430 1600 621 1703 cipitatae.

486 1717 567 1791 v11.
578 1718 681 1792 Haec
690 1715 877 1793 Alcibiadi
890 1718 1029 1795 laetitia
1038 1744 1117 1794 non
1128 1720 1237 1795 nimis
1247 1716 1319 1794 fuit
1329 1717 1523 1795 diuturna.
1542 1728 1552 1770 ⁴

431 1832 663 1938 Numquam
684 1837 719 1910 ei
739 1861 869 1912 omnes
888 1853 1013 1912 essent
1032 1836 1199 1913 honores
1220 1835 1379 1929 decreti,
1395 1853 1555 1942 totaque

431 1949 648 2055 respublica
665 1949 768 2028 domi
786 1951 957 2055 bellique
977 1952 1138 2047 tradita,
1155 1955 1171 2004 ²
1200 1970 1245 2029 ut
1263 1954 1377 2029 unius
1398 1952 1555 2030 arbitrio

431 2085 652 2168 gereretur3
669 2084 707 2144 et
726 2070 805 2171 ipse
824 2069 1071 2175 postulasset,
1107 2087 1150 2147 nt
1179 2068 1257 2147 duo
1287 2068 1359 2146 sibi
1386 2069 1555 2176 collegae

431 2314 555 2381 rrpmtir3
572 2314 664 2368 mobile
683 2327 795 2369 saar-tum
812 2326 837 2367 et
853 2315 968 2388 frivole,
1020 2328 1092 2368 serat
1107 2317 1128 2368 1.
1142 2333 1167 2367 e.
1178 2316 1267 2368 minus
1276 2314 1353 2377 bene,
1363 2332 1442 2386 quam
1454 2313 1557 2369 suluis-

348 2427 355 2436 ·
435 2404 486 2448 etc.
499 2396 798 2469 Voyagd'Anacbarsia.
1020 2409 1059 2452 set
1065 2438 1076 2463 ,
1095 2417 1148 2451 non
1161 2416 1192 2450 ex
1206 2406 1285 2460 uoto,
1303 2417 1356 2451 non
1370 2398 1490 2452 feliciter.
1499 2398 1555 2452 Ab·

466 2481 509 2550 (5)
526 2481 669 2539 Resacrore.
683 2487 729 2540 At.
744 2504 877 2540 resecrare.
889 2515 922 2527 -
935 2484 969 2536 Iu
1021 2489 1093 2534 sente
1107 2489 1195 2532 tamen
1211 2478 1362 2544 Alcibiade,
1379 2482 1424 2552 qui
1436 2479 1479 2542 *vel
1496 2480 1555 2534 Cla-

432 2562 517 2632 φιϋω
532 2564 634 2620 aevom
640 2567 734 2639 suerat
745 2572 845 2638 scripta.
866 2571 896 2622 ln
910 2570 967 2636 qni·
1020 2566 1148 2619 rameniis
1161 2564 1258 2619 auxilio
1271 2566 1399 2636 proiectus
1411 2576 1467 2620 erat
1475 2565 1554 2638 (Diu-

432 2642 481 2698 bue
491 2653 619 2704 execratio
642 2652 724 2706 suerat
742 2655 872 2722 inscripta.
888 2680 921 2692 -
934 2653 969 2705 Iu
1020 2648 1078 2701 dur.
1096 2649 1171 2714 Xlll,
1185 2652 1224 2717 7).
1238 2647 1280 2701 rel
1292 2650 1319 2702 in
1333 2650 1408 2703 Caria
1420 2651 1554 2721 pecuniam

432 2747 501 2782 mare
515 2738 706 2804 praecipitatae.
721 2738 781 2790 Non
802 2736 883 2808 pilas,
906 2754 967 2788 sen-
1020 2732 1156 2802 colligebat
1185 2732 1334 2803 (Plutarch.
1350 2739 1418 2803 35),
1440 2735 1494 2787 eius
1507 2752 1554 2787 ns·

432 2813 525 2867 tentiae
536 2833 600 2870 vero
612 2827 639 2871 et
652 2819 710 2873 lites
732 2821 759 2872 in
781 2837 852 2873 mare
866 2822 969 2890 praeci·
1019 2817 1140 2881 varchus,
1155 2818 1196 2870 cui
1210 2834 1306 2870 nomen
1325 2817 1475 2882 Antiochus,
1488 2835 1550 2871 eou-

431 2899 499 2966 pites
511 2910 587 2966 actas,
605 2913 692 2956 narrat
705 2904 835 2958 Diodorus
846 2906 967 2968 xitum.
1020 2910 1059 2954 tra
1089 2900 1255 2967 mandatum,
1280 2910 1395 2967 temere,
1425 2901 1555 2975 nimisque

464 2981 587 3050 (t)1llou
603 2987 738 3058 mmissur't
759 2984 968 3042 dramatico
1019 2987 1110 3057 cupide
1131 3005 1243 3058 pugnam
1257 3006 1318 3040 cum
1331 2988 1467 3060 Lysandro
1482 3006 1555 3042 oom-

431 3068 547 3124 lsocratis
560 3074 704 3127 orationem
717 3073 747 3126 ad
762 3074 919 3146 Philippum.
1019 3073 1136 3136 miserat,
1151 3091 1180 3126 sc
1198 3071 1350 3144 quindecim
1369 3091 1445 3127 naves
1462 3075 1556 3127 amise-

465 3155 508 3222 (2)
523 3154 637 3227 Totaque
656 3158 797 3228 respublica
809 3158 879 3212 douai
891 3160 965 3213 belli-
1019 3166 1066 3210 rat.
1080 3157 1154 3208 -Iu
1167 3158 1293 3210 iuvidiam
1306 3157 1405 3210 recidit.
1419 3157 1502 3229 idagia
1513 3157 1555 3210 hic

430 3254 477 3309 que
492 3239 600 3296 indita,
613 3240 681 3294 Vide
698 3242 863 3296 Plutarchum
880 3244 908 3297 in
921 3244 968 3296 Al.
1020 3233 1089 3287 valet
1103 3235 1264 3301 criminatio,
1283 3246 1348 3290 teste
1363 3236 1477 3290 Diodoro
1489 3254 1552 3288 con·

429 3319 531 3376 cibiade
548 3325 668 3378 XXXIII:
687 3326 764 3402 ἡμοη
781 3324 826 3379 καὶ
835 3327 901 3380 κατὰ
912 3333 965 3398 γῆν
1018 3320 1089 3386 ssata,
1104 3321 1171 3392 quod
1183 3325 1296 3394 Cymen,
1310 3323 1373 3377 socii
1385 3322 1498 3377 nominis
1508 3341 1553 3374 nr·

428 3405 483 3478 ἅμα
505 3408 551 3463 aei
577 3409 643 3465 κατὰ
675 3411 806 3466 θάλασσαν
833 3412 966 3482 ςρατηγός
1017 3403 1097 3470 hem,
1126 3424 1260 3477 aggressus
1287 3414 1370 3472 esset;
1396 3424 1448 3477 qua
1473 3404 1506 3459 de
1524 3425 1554 3459 re

427 3490 606 3571 αὐτοκράτωρ.
624 3496 709 3549 -Et
728 3499 781 3566 ipae
800 3497 964 3568 mulares,
1017 3486 1114 3559 legatos
1138 3499 1258 3559 questum
1285 3490 1408 3543 miserant
1432 3491 1550 3561 Cymaei.

426 3581 477 3631 etc.
493 3576 598 3632 Scilicet
614 3578 646 3633 ad
668 3578 851 3634 declinandam
870 3599 962 3651 proce·
1016 3574 1172 3644 Qumqum
1183 3573 1209 3627 ld
1221 3585 1309 3645 'Pelle
1326 3582 1423 3645 1³¹¹ssssss
1435 3592 1496 3628 0⁰⁰¹
1511 3575 1552 3639 lits

424 3672 485 3711 rum
502 3662 643 3732 populique
664 3661 769 3716 mobilis
788 3661 962 3714 insidiam-
1015 3675 1080 3726 quae
1105 3667 1192 3711 noster
1215 3659 1326 3713 subiicit.
1351 3658 1471 3731 Xenoph.
1488 3677 1551 3714 vero

425 3735 599 3816 thrasybulus
620 3756 645 3797 et
662 3747 831 3800 Adimantus.
856 3747 959 3798 Aristo·
1014 3739 1226 3812 Alcibaipr'lrtau
1239 3753 1265 3795 et
1276 3739 1416 3818 dxpdrssus
1427 3753 1550 3814 tanquam

423 3830 519 3877 uatem
534 3826 559 3879 ei
576 3835 603 3879 et
619 3826 791 3882 Adimantum
813 3827 892 3882 fuisse
912 3826 959 3880 ad·
1013 3841 1100 3878 causas
1117 3845 1217 3897 pugnae
1232 3827 1342 3881 infelicis
1357 3826 1389 3880 ab
1405 3827 1550 3882 Athenien·

422 3903 524 3960 iunctos
540 3909 621 3965 tradit
642 3912 760 3985 Xenoph.
783 3913 849 3969 Hist.
872 3916 921 3968 Gr.
938 3915 960 3976 l,
1011 3909 1082 3964 sibus
1116 3912 1217 3964 iactatas
1248 3922 1447 3967 commemorat.
1477 3912 1549 3966 Alias

421 3987 457 4038 4.·
471 4001 532 4039 cum
545 3999 633 4043 nosue
652 4001 739 4046 umen
752 3994 880 4049 consentit
891 3993 959 4048 nio-
1010 4012 1113 4064 quoque
1130 3995 1324 4049 criminationes
1341 3995 1450 4067 prolatas
1469 3997 1547 4050 luisse

420 4064 499 4122 ¹10⁰„
511 4070 573 4123 Xlll
581 4109 591 4135 ,
611 4078 652 4129 69.
665 4077 768 4131 Ducum
782 4078 889 4132 nomina
903 4097 957 4131 aon
1009 4077 1126 4132 indicant
1137 4080 1267 4135 Diadume
1276 4091 1304 4136 et
1314 4079 1464 4136 Plutarchus
1474 4098 1546 4150 prae·

418 4149 517 4222 proteu
528 4151 677 4210 Plutarchus
690 4157 718 4211 in
731 4159 860 4217 Alcibisd.
878 4164 956 4216 Datos
1008 4166 1108 4232 serum,
1122 4169 1168 4236 qui
1181 4186 1271 4223 esrum
1282 4178 1415 4224 auctorem
1428 4163 1544 4236 Thrasy·

418 4242 508 4292 suum
523 4235 549 4292 ei
565 4236 656 4303 fuisse,
674 4258 740 4312 quos
755 4243 810 4314 ipse
824 4244 954 4316 elegerat,
1007 4243 1097 4301 bulum
1111 4248 1198 4307 refert.

417 4321 954 4405 retem-Mirarermaeutaremges·
