3352 5572
131 418 194 519 32
462 447 647 513 uorrrri
682 448 940 516 rrrrnntnra

116 651 248 760 ‚copim
266 647 493 756 impaffaites
517 652 572 739 de,
590 652 781 731 l'Hr‘stor‘re
797 658 916 731 sainte
925 679 936 746 ;
961 653 1140 732 Daretem
1160 651 1247 732 G'al·

126 770 202 848 lica
220 795 328 873 prosa
348 787 513 848 verterat
528 772 657 849 seculo
683 775 756 849 inm
782 770 1247 853 tertio-decimoGotofre·

129 889 200 968 (lus
226 887 275 966 de
292 886 569 984 Waterfordia,
587 890 798 983 Hibernos,
815 888 906 966 Ord.
926 888 1248 985 Paedicatorum.

119 1006 225 1085 vida
243 1010 319 1086 lac.
344 1006 580 1100 thardum,
606 1009 653 1087 de
679 1009 929 1116 scriptotibus
949 1008 1103 1087 Ordinis
1121 1013 1248 1088 Domi·

128 1127 276 1220 niceni,
297 1142 325 1204 t.
352 1127 392 1218 Ι,
420 1153 457 1230 p.
476 1124 563 1226 467.
590 1131 673 1206 Non
699 1127 976 1226 omittendum,
1003 1127 1110 1233 quod
1129 1129 1248 1206 Dares

47 1242 53 1257 ⁷
127 1244 276 1322 Gallico
290 1246 402 1320 etiarn
417 1242 542 1322 metro
559 1244 761 1324 adstrictus
775 1263 896 1324 exstat
911 1249 953 1323 in
969 1247 1100 1325 codice
1129 1247 1248 1325 seculi

126 1361 202 1442 XII
219 1359 505 1439 membranaceo
531 1361 783 1442 bibliothecae
808 1362 1078 1441 Ambrosianae
1099 1363 1247 1441 Medio·

127 1479 300 1555 lanensis.
312 1478 410 1555 Vide
422 1478 467 1556 V.
476 1482 516 1556 C.
529 1481 739 1558 Bernhardi
750 1481 799 1558 de
812 1480 1064 1559 Montfaucon
1074 1485 1247 1560 Diarium

127 1596 321 1694 Italicum,
347 1625 384 1700 p.
408 1623 474 1696 19,
490 1596 871 1705 etPalaeographiam
882 1603 1079 1694 Graecam,
1095 1629 1132 1706 p.
1159 1600 1248 1692 138,
1337 1642 1348 1661 ·

128 1715 196 1793 uhi
212 1714 326 1791 habes
343 1741 472 1793 versus
488 1714 671 1815 quosdam
684 1719 917 1824 Metaphrasi
935 1717 992 1794 illi
1010 1721 1246 1825 praemissos.

128 1830 367 1911 Conferenda
380 1830 509 1906 itidem
526 1833 691 1910 Historia
705 1836 871 1911 Troiana
885 1839 1022 1938 scripta
1036 1864 1056 1910 a
1069 1838 1248 1913 Gnidone

129 1949 178 2026 de
194 1947 380 2026 Columna
393 1950 621 2025 Messanensi
629 2008 643 2043 ,
671 1980 703 2027 a.
731 1952 970 2055 V.c.1289,
997 1970 1114 2055 atque
1143 1954 1247 2028 edita

129 2069 358 2173 Argentinae
409 2065 504 2162 1486
537 2073 575 2142 et
611 2065 711 2170 1489
749 2066 812 2147 fot.
842 2072 1013 2172 Vtraque
1053 2067 1172 2147 editio
1200 2067 1248 2144 ad

128 2212 259 2263 manus
279 2184 370 2260 mihi
397 2191 466 2261 est.
493 2184 654 2287 Incipit:
687 2217 706 2252 a
725 2187 832 2264 Licet
861 2188 1000 2282 cotidie
1029 2203 1160 2264 vetera
1186 2213 1248 2262 re·

65 2335 68 2338 ·
129 2304 301 2382 centibus
335 2301 558 2379 obruantur·
582 2335 608 2372 υ
634 2306 679 2378 ln
711 2307 791 2381 eins
818 2303 979 2411 prologo
1009 2305 1105 2383 haec
1131 2304 1248 2384 verba

127 2421 330 2528 leguntur,
355 2420 554 2525 inquibus
580 2421 722 2499 latinus
740 2423 897 2529 Dictyos
924 2425 1112 2529 interpres
1131 2424 1249 2498 multa
1330 2520 1333 2527 ἱ

130 2541 265 2616 Graeci
291 2539 457 2615 omisisse
485 2542 675 2642 arguitur:
697 2573 722 2610 c<
740 2542 794 2615 Ea
808 2568 903 2643 quae
918 2568 987 2646 per
996 2542 1122 2617 Ditem
1142 2540 1250 2644 (lege

129 2659 291 2761 Dictyn)
307 2660 496 2734 Graecum
523 2666 562 2734 et
579 2659 784 2764 Phrygium
798 2662 983 2758 urrerem,
997 2662 1064 2761 qui
1080 2667 1250 2759 tempore

130 2776 285 2853 Troiani
319 2774 412 2851 belli
451 2779 629 2852 continue
656 2780 696 2851 in
724 2804 858 2854 eorum
887 2778 1113 2854 exercitibus
1141 2775 1251 2849 fuere

57 2889 61 2897 ’
130 2907 359 2998 praesentes,
379 2900 418 2968 et
435 2893 586 2984 horum,
613 2919 712 2997 quae
731 2892 922 2997 viderunt,
940 2903 1030 2970 sunt
1048 2890 1251 2968 fidelissimi

103 3023 107 3036 ’
132 3007 339 3101 relatores,
365 3026 403 3084 et
427 3013 466 3084 in
484 3019 723 3116 praesentem
737 3008 911 3087 libellum
928 3037 998 3113 per
1013 3039 1071 3086 me
1089 3007 1253 3085 iudicem

136 3123 351 3201 Gnidonem
368 3125 416 3202 de
431 3127 614 3204 Columna
630 3129 801 3203 Messana
813 3134 1052 3229 transumpta
1064 3125 1268 3226 legentum*

133 3260 251 3349 prout
271 3246 311 3317 in
337 3243 484 3322 duobus
511 3244 617 3321 libris
644 3271 778 3323 eorum
805 3248 1030 3350 inscriptum
1049 3247 1158 3347 quasi
1175 3270 1253 3318 una

132 3364 234 3440 vocis
261 3365 511 3440 consonantia
536 3367 734 3443 inventum
754 3371 812 3441 est
830 3364 997 3440 Athenis.
1025 3363 1253 3464 Quanquam

133 3490 260 3560 nutem
288 3481 358 3558 hos
382 3480 533 3557 libellos
561 3483 715 3586 quidam
734 3485 950 3576 Romanus,
968 3477 1168 3557 Cornelius
1185 3504 1253 3553 no·

133 3600 255 3693 mine,
281 3597 450 3675 Sallustii
476 3603 601 3702 magni
627 3627 777 3705 nepos,
793 3602 834 3675 in
851 3600 1013 3676 latinum
1042 3594 1252 3676 transferre

136 3717 346 3810 curaverit,
365 3723 494 3793 tamen
511 3717 599 3792 dum
615 3715 810 3794 laboraret
830 3717 992 3792 nimium
1009 3716 1132 3796 brevis
1160 3738 1251 3804 esse,

134 3831 378 3936 particularia
403 3837 585 3912 historiae
612 3836 748 3940 ipsius,
774 3864 873 3940 qnae
895 3837 1010 3941 magis
1025 3848 1184 3941 possunt
1202 3831 1254 3906 al·

134 3946 252 4025 licere
278 3951 418 4029 animos
445 3954 679 4045 auditorum,
707 3980 800 4059 prae
836 3957 950 4031 nimia
975 3953 1167 4029 brevitate
1192 3951 1254 4022 in·

136 4063 317 4141 decenter
336 4071 469 4146 omisit.
494 4071 540 4145 In
567 4070 638 4146 hac
665 4071 781 4175 igitur
798 4073 893 4146 serie
912 4067 1033 4145 libelli
1052 4084 1174 4144 toturn
1192 4065 1250 4137 in·

113 4288 116 4294 ¹
133 4186 531 4293 veniturinsoriptum‚
549 4189 654 4294 quod
667 4189 712 4264 de
729 4195 809 4265 tota
823 4188 979 4264 historia
990 4180 1253 4263 universaliter

137 4303 470 4414 etpartieulariter
479 4305 718 4414 gestumluit.
728 4305 868 4390 »Iden
877 4310 1044 4414 scriptor
1052 4298 1101 4382 ad
1109 4293 1252 4386 calcem
