<?xml version="1.0" encoding="UTF-8"?>
<!DOCTYPE html PUBLIC "-//W3C//DTD XHTML 1.0 Transitional//EN"
    "http://www.w3.org/TR/xhtml1/DTD/xhtml1-transitional.dtd">
<html xmlns="http://www.w3.org/1999/xhtml" xml:lang="en" lang="en">
 <head>
  <title>
</title>
<meta http-equiv="Content-Type" content="text/html;charset=utf-8" />
  <meta name='ocr-system' content='tesseract 3.04.00' />
  <meta name='ocr-capabilities' content='ocr_page ocr_carea ocr_par ocr_line ocrx_word'/>
</head>
<body>
  <div class='ocr_page' id='page_1' title='image "./corneliinepotis16nepogoog_0111.png"; bbox 0 0 3352 5572; ppageno 0'>
   <div class='ocr_carea' id='block_1_1' title="bbox 441 680 1565 751">
    <p class='ocr_par' dir='ltr' id='par_1_1' title="bbox 441 680 1565 751">
     <span class='ocr_line' id='line_1_1' title="bbox 441 680 1565 751; baseline 0.004 -4"><span class='ocrx_word' id='word_1_1' title='bbox 441 680 1565 751; x_wconf 58' lang='lat' dir='ltr'>m</span> 
     </span>
    </p>
   </div>
   <div class='ocr_carea' id='block_1_2' title="bbox 981 897 1029 979">
    <p class='ocr_par' dir='ltr' id='par_1_2' title="bbox 981 897 1029 979">
     <span class='ocr_line' id='line_1_2' title="bbox 981 897 1029 979; baseline 0.021 -1"><span class='ocrx_word' id='word_1_2' title='bbox 981 897 1029 979; x_wconf 90' lang='lat' dir='ltr'>V.</span> 
     </span>
    </p>
   </div>
   <div class='ocr_carea' id='block_1_3' title="bbox 860 1163 1154 1279">
    <p class='ocr_par' dir='ltr' id='par_1_3' title="bbox 860 1163 1154 1279">
     <span class='ocr_line' id='line_1_3' title="bbox 860 1163 1154 1279; baseline 0 0"><span class='ocrx_word' id='word_1_3' title='bbox 860 1163 1154 1279; x_wconf 88' lang='lat' dir='ltr'><strong>CIMON</strong></span> 
     </span>
    </p>
   </div>
   <div class='ocr_carea' id='block_1_4' title="bbox 933 1436 1098 1467">
    <p class='ocr_par' dir='ltr' id='par_1_4' title="bbox 933 1436 1098 1467">
     <span class='ocr_line' id='line_1_4' title="bbox 933 1436 1098 1467; baseline 0 -8"><span class='ocrx_word' id='word_1_4' title='bbox 933 1436 1098 1467; x_wconf 61' lang='grc' dir='ltr'>ιιι*-</span> 
     </span>
    </p>
   </div>
   <div class='ocr_carea' id='block_1_5' title="bbox 841 1650 1171 1710">
    <p class='ocr_par' dir='ltr' id='par_1_5' title="bbox 841 1650 1171 1710">
     <span class='ocr_line' id='line_1_5' title="bbox 841 1650 1171 1710; baseline 0 -1"><span class='ocrx_word' id='word_1_5' title='bbox 841 1650 1171 1710; x_wconf 71' lang='lat' dir='ltr'><strong>ARGVMENTVM</strong></span> 
     </span>
    </p>
   </div>
   <div class='ocr_carea' id='block_1_6' title="bbox 449 1826 1572 2001">
    <p class='ocr_par' dir='ltr' id='par_1_6' title="bbox 449 1826 1572 2001">
     <span class='ocr_line' id='line_1_6' title="bbox 449 1826 1572 1911; baseline 0.008 -30"><span class='ocrx_word' id='word_1_6' title='bbox 449 1826 510 1882; x_wconf 82' lang='lat' dir='ltr'>cte.</span> <span class='ocrx_word' id='word_1_7' title='bbox 519 1829 542 1893; x_wconf 88' lang='lat' dir='ltr'>l,·</span> <span class='ocrx_word' id='word_1_8' title='bbox 554 1826 725 1884; x_wconf 74' lang='lat' dir='ltr'>vinculorum</span> <span class='ocrx_word' id='word_1_9' title='bbox 738 1837 905 1900; x_wconf 78' lang='lat' dir='ltr'>paternorum</span> <span class='ocrx_word' id='word_1_10' title='bbox 916 1826 1006 1884; x_wconf 79' lang='lat' dir='ltr'>haeres</span> <span class='ocrx_word' id='word_1_11' title='bbox 1022 1829 1055 1883; x_wconf 81' lang='lat' dir='ltr'>ab</span> <span class='ocrx_word' id='word_1_12' title='bbox 1067 1846 1147 1883; x_wconf 81' lang='lat' dir='ltr'>uxore</span> <span class='ocrx_word' id='word_1_13' title='bbox 1159 1828 1253 1891; x_wconf 79' lang='lat' dir='ltr'>Cimon</span> <span class='ocrx_word' id='word_1_14' title='bbox 1264 1829 1399 1911; x_wconf 61' lang='lat' dir='ltr'>libate.</span> <span class='ocrx_word' id='word_1_15' title='bbox 1411 1860 1446 1881; x_wconf 76' lang='grc' dir='ltr'>ι-</span> <span class='ocrx_word' id='word_1_16' title='bbox 1455 1834 1487 1906; x_wconf 65' lang='lat'>113</span> <span class='ocrx_word' id='word_1_17' title='bbox 1509 1830 1572 1895; x_wconf 65' lang='lat' dir='ltr'>tiu</span> 
     </span>
     <span class='ocr_line' id='line_1_7' title="bbox 518 1925 1572 2001; baseline 0.008 -22"><span class='ocrx_word' id='word_1_18' title='bbox 518 1925 592 1980; x_wconf 84' lang='lat' dir='ltr'>dotes</span> <span class='ocrx_word' id='word_1_19' title='bbox 604 1935 630 1982; x_wconf 88' lang='lat' dir='ltr'>et</span> <span class='ocrx_word' id='word_1_20' title='bbox 644 1946 686 1981; x_wconf 84' lang='lat' dir='ltr'>res</span> <span class='ocrx_word' id='word_1_21' title='bbox 696 1938 791 2000; x_wconf 68' lang='lat' dir='ltr'>gestae.</span> <span class='ocrx_word' id='word_1_22' title='bbox 805 1930 893 1982; x_wconf 87' lang='lat' dir='ltr'>Persas</span> <span class='ocrx_word' id='word_1_23' title='bbox 909 1927 1001 1982; x_wconf 87' lang='lat' dir='ltr'>eodem</span> <span class='ocrx_word' id='word_1_24' title='bbox 1014 1926 1057 1981; x_wconf 89' lang='lat' dir='ltr'>die</span> <span class='ocrx_word' id='word_1_25' title='bbox 1071 1926 1157 1983; x_wconf 77' lang='lat' dir='ltr'>navali</span> <span class='ocrx_word' id='word_1_26' title='bbox 1170 1936 1197 1982; x_wconf 86' lang='lat' dir='ltr'>et</span> <span class='ocrx_word' id='word_1_27' title='bbox 1209 1929 1325 1985; x_wconf 71' lang='lat' dir='ltr'>onaret</span> <span class='ocrx_word' id='word_1_28' title='bbox 1336 1929 1436 2001; x_wconf 66' lang='lat' dir='ltr'>pesilo</span> <span class='ocrx_word' id='word_1_29' title='bbox 1444 1932 1572 1988; x_wconf 77' lang='lat' dir='ltr'>vineit.-</span> 
     </span>
    </p>
   </div>
   <div class='ocr_carea' id='block_1_7' title="bbox 517 2020 1570 2183">
    <p class='ocr_par' dir='ltr' id='par_1_7' title="bbox 517 2020 1570 2183">
     <span class='ocr_line' id='line_1_8' title="bbox 517 2020 1570 2094; baseline 0.006 -20"><span class='ocrx_word' id='word_1_30' title='bbox 517 2022 563 2088; x_wconf 71' lang='lat'>1115</span> <span class='ocrx_word' id='word_1_31' title='bbox 575 2020 732 2076; x_wconf 81' lang='lat' dir='ltr'>Ostraeismo</span> <span class='ocrx_word' id='word_1_32' title='bbox 746 2021 856 2076; x_wconf 84' lang='lat' dir='ltr'>eiicitur.</span> <span class='ocrx_word' id='word_1_33' title='bbox 882 2024 1023 2075; x_wconf 81' lang='lat' dir='ltr'>Revocatus</span> <span class='ocrx_word' id='word_1_34' title='bbox 1040 2041 1129 2094; x_wconf 78' lang='lat' dir='ltr'>paoem</span> <span class='ocrx_word' id='word_1_35' title='bbox 1144 2040 1204 2075; x_wconf 85' lang='lat' dir='ltr'>eum</span> <span class='ocrx_word' id='word_1_36' title='bbox 1218 2023 1427 2079; x_wconf 79' lang='lat' dir='ltr'>Lacedaemoniis</span> <span class='ocrx_word' id='word_1_37' title='bbox 1439 2024 1570 2080; x_wconf 83' lang='lat' dir='ltr'>conciliat·</span> 
     </span>
     <span class='ocr_line' id='line_1_9' title="bbox 518 2113 1060 2183; baseline 0.006 -16"><span class='ocrx_word' id='word_1_38' title='bbox 518 2113 582 2167; x_wconf 86' lang='lat' dir='ltr'>Citii</span> <span class='ocrx_word' id='word_1_39' title='bbox 597 2115 717 2169; x_wconf 84' lang='lat' dir='ltr'>moritur.</span> <span class='ocrx_word' id='word_1_40' title='bbox 730 2146 761 2157; x_wconf 96' lang='lat'>-</span> <span class='ocrx_word' id='word_1_41' title='bbox 775 2116 820 2183; x_wconf 80' lang='lat' dir='ltr'>1v;</span> <span class='ocrx_word' id='word_1_42' title='bbox 834 2117 890 2170; x_wconf 90' lang='lat' dir='ltr'>eius</span> <span class='ocrx_word' id='word_1_43' title='bbox 901 2115 1060 2170; x_wconf 85' lang='lat' dir='ltr'>encomium.</span> 
     </span>
    </p>
   </div>
   <div class='ocr_carea' id='block_1_8' title="bbox 450 2281 1666 2691">
    <p class='ocr_par' dir='ltr' id='par_1_8' title="bbox 450 2281 1666 2691">
     <span class='ocr_line' id='line_1_10' title="bbox 450 2281 1567 2442; baseline 0.006 -17"><span class='ocrx_word' id='word_1_44' title='bbox 450 2281 615 2442; x_wconf 82' lang='lat' dir='ltr'>Cimon,</span> <span class='ocrx_word' id='word_1_45' title='bbox 627 2348 806 2426; x_wconf 78' lang='lat' dir='ltr'>Miltiadis</span> <span class='ocrx_word' id='word_1_46' title='bbox 819 2348 930 2442; x_wconf 86' lang='lat' dir='ltr'>filius,</span> <span class='ocrx_word' id='word_1_47' title='bbox 945 2354 955 2397; x_wconf 86' lang='lat'><strong>⁴</strong></span> <span class='ocrx_word' id='word_1_48' title='bbox 977 2349 1230 2440; x_wconf 83' lang='lat' dir='ltr'>Atheniensis,</span> <span class='ocrx_word' id='word_1_49' title='bbox 1244 2348 1344 2428; x_wconf 85' lang='lat' dir='ltr'>duro</span> <span class='ocrx_word' id='word_1_50' title='bbox 1358 2350 1567 2432; x_wconf 77' lang='lat' dir='ltr'><strong>admodum</strong></span> 
     </span>
     <span class='ocr_line' id='line_1_11' title="bbox 450 2466 1568 2574; baseline 0.009 -34"><span class='ocrx_word' id='word_1_51' title='bbox 450 2467 556 2543; x_wconf 90' lang='lat' dir='ltr'>initio</span> <span class='ocrx_word' id='word_1_52' title='bbox 584 2494 671 2544; x_wconf 88' lang='lat' dir='ltr'>usus</span> <span class='ocrx_word' id='word_1_53' title='bbox 698 2483 755 2543; x_wconf 88' lang='lat' dir='ltr'>est</span> <span class='ocrx_word' id='word_1_54' title='bbox 779 2466 1065 2545; x_wconf 83' lang='lat' dir='ltr'>adolescentiae.</span> <span class='ocrx_word' id='word_1_55' title='bbox 1092 2470 1186 2543; x_wconf 87' lang='lat' dir='ltr'>Nam</span> <span class='ocrx_word' id='word_1_56' title='bbox 1213 2495 1334 2572; x_wconf 89' lang='lat' dir='ltr'>quum</span> <span class='ocrx_word' id='word_1_57' title='bbox 1359 2487 1467 2574; x_wconf 87' lang='lat' dir='ltr'>pater</span> <span class='ocrx_word' id='word_1_58' title='bbox 1487 2475 1568 2551; x_wconf 89' lang='lat' dir='ltr'>eius</span> 
     </span>
     <span class='ocr_line' id='line_1_12' title="bbox 453 2582 1666 2691; baseline 0 -26"><span class='ocrx_word' id='word_1_59' title='bbox 453 2584 593 2665; x_wconf 81' lang='lat' dir='ltr'>litem²</span> <span class='ocrx_word' id='word_1_60' title='bbox 621 2588 846 2662; x_wconf 84' lang='lat' dir='ltr'>aestimatam</span> <span class='ocrx_word' id='word_1_61' title='bbox 867 2583 1011 2690; x_wconf 91' lang='lat' dir='ltr'>populo</span> <span class='ocrx_word' id='word_1_62' title='bbox 1029 2584 1173 2661; x_wconf 86' lang='lat' dir='ltr'>solvere</span> <span class='ocrx_word' id='word_1_63' title='bbox 1201 2612 1275 2660; x_wconf 88' lang='lat' dir='ltr'>non</span> <span class='ocrx_word' id='word_1_64' title='bbox 1296 2588 1497 2691; x_wconf 89' lang='lat' dir='ltr'>potuisset,</span> <span class='ocrx_word' id='word_1_65' title='bbox 1518 2592 1567 2667; x_wconf 90' lang='lat' dir='ltr'>ob</span> <span class='ocrx_word' id='word_1_66' title='bbox 1663 2582 1666 2587; x_wconf 59' lang='grc'>’</span> 
     </span>
    </p>
   </div>
   <div class='ocr_carea' id='block_1_9' title="bbox 424 2814 1649 4403">
    <p class='ocr_par' dir='ltr' id='par_1_9' title="bbox 454 2814 1649 3393">
     <span class='ocr_line' id='line_1_13' title="bbox 488 2814 1573 2890; baseline 0.006 -24"><span class='ocrx_word' id='word_1_67' title='bbox 488 2816 531 2884; x_wconf 85' lang='lat' dir='ltr'>(t)</span> <span class='ocrx_word' id='word_1_68' title='bbox 556 2814 655 2881; x_wconf 61' lang='lat' dir='ltr'>amon,</span> <span class='ocrx_word' id='word_1_69' title='bbox 670 2818 803 2872; x_wconf 76' lang='lat' dir='ltr'>Miltiadis</span> <span class='ocrx_word' id='word_1_70' title='bbox 817 2817 897 2887; x_wconf 82' lang='lat' dir='ltr'>filius.</span> <span class='ocrx_word' id='word_1_71' title='bbox 918 2815 987 2881; x_wconf 85' lang='lat' dir='ltr'>Eius,</span> <span class='ocrx_word' id='word_1_72' title='bbox 1039 2817 1139 2870; x_wconf 85' lang='lat' dir='ltr'>minere</span> <span class='ocrx_word' id='word_1_73' title='bbox 1158 2827 1245 2871; x_wconf 83' lang='lat' dir='ltr'>tamen</span> <span class='ocrx_word' id='word_1_74' title='bbox 1258 2817 1313 2872; x_wconf 89' lang='lat' dir='ltr'>alii.</span> <span class='ocrx_word' id='word_1_75' title='bbox 1337 2818 1389 2874; x_wconf 87' lang='lat' dir='ltr'>Vid</span> <span class='ocrx_word' id='word_1_76' title='bbox 1402 2817 1477 2890; x_wconf 77' lang='lat' dir='ltr'>paulo</span> <span class='ocrx_word' id='word_1_77' title='bbox 1488 2817 1573 2873; x_wconf 80' lang='lat' dir='ltr'>inf.-</span> 
     </span>
     <span class='ocr_line' id='line_1_14' title="bbox 455 2900 1574 2974; baseline 0.004 -18"><span class='ocrx_word' id='word_1_78' title='bbox 455 2904 527 2957; x_wconf 85' lang='lat' dir='ltr'>cuius</span> <span class='ocrx_word' id='word_1_79' title='bbox 554 2903 653 2955; x_wconf 87' lang='lat' dir='ltr'>mentio</span> <span class='ocrx_word' id='word_1_80' title='bbox 669 2921 744 2974; x_wconf 82' lang='lat' dir='ltr'>supra</span> <span class='ocrx_word' id='word_1_81' title='bbox 763 2903 828 2956; x_wconf 85' lang='lat' dir='ltr'>lacta</span> <span class='ocrx_word' id='word_1_82' title='bbox 848 2912 894 2955; x_wconf 84' lang='lat' dir='ltr'>est.</span> <span class='ocrx_word' id='word_1_83' title='bbox 922 2905 988 2953; x_wconf 80' lang='lat' dir='ltr'>Tres</span> <span class='ocrx_word' id='word_1_84' title='bbox 1039 2900 1127 2973; x_wconf 81' lang='lat' dir='ltr'>Neque</span> <span class='ocrx_word' id='word_1_85' title='bbox 1156 2904 1251 2972; x_wconf 67' lang='lat' dir='ltr'>lagidae</span> <span class='ocrx_word' id='word_1_86' title='bbox 1278 2907 1574 2969; x_wconf 61' lang='lat' dir='ltr'>Atheniensiumemiat</span> 
     </span>
     <span class='ocr_line' id='line_1_15' title="bbox 454 2985 1574 3056; baseline 0.005 -16"><span class='ocrx_word' id='word_1_87' title='bbox 454 2991 528 3041; x_wconf 90' lang='lat' dir='ltr'>enim</span> <span class='ocrx_word' id='word_1_88' title='bbox 551 2987 682 3040; x_wconf 76' lang='lat' dir='ltr'>Miltiades</span> <span class='ocrx_word' id='word_1_89' title='bbox 707 2997 827 3041; x_wconf 81' lang='lat' dir='ltr'>numeret</span> <span class='ocrx_word' id='word_1_90' title='bbox 851 2985 987 3048; x_wconf 79' lang='lat' dir='ltr'>Aelianus,</span> <span class='ocrx_word' id='word_1_91' title='bbox 1035 3000 1143 3056; x_wconf 76' lang='lat' dir='ltr'>pmerat.</span> <span class='ocrx_word' id='word_1_92' title='bbox 1167 2987 1232 3042; x_wconf 86' lang='lat' dir='ltr'>Vide</span> <span class='ocrx_word' id='word_1_93' title='bbox 1251 2991 1327 3042; x_wconf 88' lang='lat' dir='ltr'>Dem.</span> <span class='ocrx_word' id='word_1_94' title='bbox 1354 2991 1428 3043; x_wconf 84' lang='lat' dir='ltr'>Orat.</span> <span class='ocrx_word' id='word_1_95' title='bbox 1452 2988 1574 3046; x_wconf 82' lang='lat' dir='ltr'>adversus</span> 
     </span>
     <span class='ocr_line' id='line_1_16' title="bbox 456 3068 1649 3148; baseline 0 -23"><span class='ocrx_word' id='word_1_96' title='bbox 456 3069 989 3148; x_wconf 64' lang='lat' dir='ltr'>vacutxtte.ssztttateattaaepia·</span> <span class='ocrx_word' id='word_1_97' title='bbox 1041 3068 1515 3140; x_wconf 78' lang='lat' dir='ltr'>Androtionem,eliamqueadversus</span> <span class='ocrx_word' id='word_1_98' title='bbox 1526 3072 1574 3125; x_wconf 91' lang='lat' dir='ltr'>Ti·</span> <span class='ocrx_word' id='word_1_99' title='bbox 1643 3116 1649 3133; x_wconf 81' lang='grc'>,</span> 
     </span>
     <span class='ocr_line' id='line_1_17' title="bbox 455 3152 1572 3228; baseline -0.001 -18"><span class='ocrx_word' id='word_1_100' title='bbox 455 3153 526 3212; x_wconf 77' lang='grc' dir='ltr'>ότὴν</span> <span class='ocrx_word' id='word_1_101' title='bbox 543 3154 703 3228; x_wconf 76' lang='grc' dir='ltr'>Χιρῥὸνησον</span> <span class='ocrx_word' id='word_1_102' title='bbox 711 3156 808 3220; x_wconf 76' lang='grc' dir='ltr'><strong>κτίσας,</strong></span> <span class='ocrx_word' id='word_1_103' title='bbox 822 3152 890 3210; x_wconf 77' lang='grc' dir='ltr'>καὶὸ</span> <span class='ocrx_word' id='word_1_104' title='bbox 906 3156 992 3225; x_wconf 67' lang='lat' dir='ltr'>Kodd-</span> <span class='ocrx_word' id='word_1_105' title='bbox 1041 3161 1190 3206; x_wconf 85' lang='lat' dir='ltr'>mocratem.</span> <span class='ocrx_word' id='word_1_106' title='bbox 1205 3153 1304 3207; x_wconf 80' lang='lat' dir='ltr'>Omnes</span> <span class='ocrx_word' id='word_1_107' title='bbox 1315 3154 1346 3207; x_wconf 86' lang='lat' dir='ltr'>ad</span> <span class='ocrx_word' id='word_1_108' title='bbox 1360 3173 1451 3221; x_wconf 85' lang='lat' dir='ltr'>unum,</span> <span class='ocrx_word' id='word_1_109' title='bbox 1465 3159 1509 3226; x_wconf 90' lang='lat' dir='ltr'>qui</span> <span class='ocrx_word' id='word_1_110' title='bbox 1520 3156 1572 3209; x_wconf 87' lang='lat' dir='ltr'>hu-</span> 
     </span>
     <span class='ocr_line' id='line_1_18' title="bbox 455 3237 1575 3309; baseline -0.002 -14"><span class='ocrx_word' id='word_1_111' title='bbox 455 3241 508 3305; x_wconf 77' lang='lat' dir='ltr'>les,</span> <span class='ocrx_word' id='word_1_112' title='bbox 520 3242 565 3295; x_wconf 81' lang='grc' dir='ltr'>καὶ</span> <span class='ocrx_word' id='word_1_113' title='bbox 578 3239 592 3294; x_wconf 84' lang='lat' dir='ltr'>o&#39;</span> <span class='ocrx_word' id='word_1_114' title='bbox 609 3242 841 3309; x_wconf 63' lang='lat' dir='ltr'>niuosae-Duo</span> <span class='ocrx_word' id='word_1_115' title='bbox 854 3242 990 3294; x_wconf 77' lang='lat' dir='ltr'>admodum</span> <span class='ocrx_word' id='word_1_116' title='bbox 1041 3240 1111 3292; x_wconf 81' lang='lat' dir='ltr'>iusce</span> <span class='ocrx_word' id='word_1_117' title='bbox 1125 3237 1255 3292; x_wconf 80' lang='lat' dir='ltr'>custodiae</span> <span class='ocrx_word' id='word_1_118' title='bbox 1268 3244 1462 3304; x_wconf 83' lang='lat' dir='ltr'>meminerunt,</span> <span class='ocrx_word' id='word_1_119' title='bbox 1479 3242 1575 3293; x_wconf 87' lang='lat' dir='ltr'>Cimo-</span> 
     </span>
     <span class='ocr_line' id='line_1_19' title="bbox 455 3325 1575 3393; baseline -0.002 -12"><span class='ocrx_word' id='word_1_120' title='bbox 455 3328 596 3381; x_wconf 78' lang='lat' dir='ltr'>initiamus</span> <span class='ocrx_word' id='word_1_121' title='bbox 619 3337 655 3379; x_wconf 84' lang='lat' dir='ltr'>est</span> <span class='ocrx_word' id='word_1_122' title='bbox 673 3326 863 3378; x_wconf 81' lang='lat' dir='ltr'>adolescentiae.</span> <span class='ocrx_word' id='word_1_123' title='bbox 882 3325 911 3376; x_wconf 91' lang='lat' dir='ltr'>ld</span> <span class='ocrx_word' id='word_1_124' title='bbox 935 3333 989 3386; x_wconf 81' lang='lat' dir='ltr'>est,</span> <span class='ocrx_word' id='word_1_125' title='bbox 1042 3342 1103 3375; x_wconf 90' lang='lat' dir='ltr'>nem</span> <span class='ocrx_word' id='word_1_126' title='bbox 1121 3325 1389 3393; x_wconf 82' lang='lat' dir='ltr'>pietatecommotum</span> <span class='ocrx_word' id='word_1_127' title='bbox 1403 3334 1506 3378; x_wconf 74' lang='lat' dir='ltr'>nonant</span> <span class='ocrx_word' id='word_1_128' title='bbox 1519 3325 1575 3380; x_wconf 82' lang='lat' dir='ltr'>vin·</span> 
     </span>
    </p>

    <p class='ocr_par' dir='ltr' id='par_1_10' title="bbox 424 3407 1575 3979">
     <span class='ocr_line' id='line_1_20' title="bbox 424 3407 1575 3482; baseline 0.001 -19"><span class='ocrx_word' id='word_1_129' title='bbox 424 3410 594 3479; x_wconf 64' lang='lat' dir='ltr'>[iuuentutis</span> <span class='ocrx_word' id='word_1_130' title='bbox 619 3408 708 3461; x_wconf 83' lang='lat' dir='ltr'>habuit</span> <span class='ocrx_word' id='word_1_131' title='bbox 735 3409 883 3474; x_wconf 81' lang='lat' dir='ltr'>exordium,</span> <span class='ocrx_word' id='word_1_132' title='bbox 900 3407 989 3460; x_wconf 79' lang='lat' dir='ltr'>maritis</span> <span class='ocrx_word' id='word_1_133' title='bbox 1040 3407 1198 3480; x_wconf 81' lang='lat' dir='ltr'>culasponte</span> <span class='ocrx_word' id='word_1_134' title='bbox 1211 3410 1328 3480; x_wconf 81' lang='lat' dir='ltr'>subiisse,</span> <span class='ocrx_word' id='word_1_135' title='bbox 1339 3411 1406 3464; x_wconf 84' lang='lat' dir='ltr'>ntiis</span> <span class='ocrx_word' id='word_1_136' title='bbox 1419 3429 1514 3482; x_wconf 82' lang='lat' dir='ltr'>corpus</span> <span class='ocrx_word' id='word_1_137' title='bbox 1525 3429 1575 3479; x_wconf 80' lang='lat' dir='ltr'>pa-</span> 
     </span>
     <span class='ocr_line' id='line_1_21' title="bbox 455 3490 1574 3564; baseline -0.001 -16"><span class='ocrx_word' id='word_1_138' title='bbox 455 3494 532 3548; x_wconf 82' lang='lat' dir='ltr'>malis</span> <span class='ocrx_word' id='word_1_139' title='bbox 566 3492 806 3564; x_wconf 76' lang='lat' dir='ltr'>calamitatibusque</span> <span class='ocrx_word' id='word_1_140' title='bbox 836 3491 987 3545; x_wconf 80' lang='lat' dir='ltr'>obnoxium.</span> <span class='ocrx_word' id='word_1_141' title='bbox 1039 3491 1119 3544; x_wconf 87' lang='lat' dir='ltr'>rentis</span> <span class='ocrx_word' id='word_1_142' title='bbox 1137 3490 1167 3542; x_wconf 83' lang='lat' dir='ltr'>ad</span> <span class='ocrx_word' id='word_1_143' title='bbox 1181 3493 1338 3560; x_wconf 85' lang='lat' dir='ltr'>sepulturam</span> <span class='ocrx_word' id='word_1_144' title='bbox 1355 3493 1503 3549; x_wconf 79' lang='lat' dir='ltr'>redimeret.</span> <span class='ocrx_word' id='word_1_145' title='bbox 1517 3496 1574 3549; x_wconf 81' lang='lat' dir='ltr'>Ve-</span> 
     </span>
     <span class='ocr_line' id='line_1_22' title="bbox 458 3571 1573 3646; baseline -0.003 -16"><span class='ocrx_word' id='word_1_146' title='bbox 458 3579 527 3631; x_wconf 83' lang='lat' dir='ltr'>Vsus</span> <span class='ocrx_word' id='word_1_147' title='bbox 540 3592 575 3632; x_wconf 84' lang='lat' dir='ltr'>est</span> <span class='ocrx_word' id='word_1_148' title='bbox 593 3589 679 3631; x_wconf 85' lang='lat' dir='ltr'>autem</span> <span class='ocrx_word' id='word_1_149' title='bbox 697 3595 744 3646; x_wconf 84' lang='lat' dir='ltr'>pro</span> <span class='ocrx_word' id='word_1_150' title='bbox 756 3574 845 3628; x_wconf 76' lang='lat' dir='ltr'>lubuit</span> <span class='ocrx_word' id='word_1_151' title='bbox 858 3593 929 3627; x_wconf 82' lang='lat' dir='ltr'>more</span> <span class='ocrx_word' id='word_1_152' title='bbox 941 3593 987 3626; x_wconf 88' lang='lat' dir='ltr'>sno</span> <span class='ocrx_word' id='word_1_153' title='bbox 1039 3572 1116 3625; x_wconf 81' lang='lat' dir='ltr'>larius</span> <span class='ocrx_word' id='word_1_154' title='bbox 1130 3573 1211 3626; x_wconf 64' lang='lat' dir='ltr'>illam:</span> <span class='ocrx_word' id='word_1_155' title='bbox 1227 3593 1238 3624; x_wconf 88' lang='lat' dir='ltr'>a</span> <span class='ocrx_word' id='word_1_156' title='bbox 1255 3577 1351 3626; x_wconf 79' lang='lat' dir='ltr'>lmoire</span> <span class='ocrx_word' id='word_1_157' title='bbox 1364 3593 1455 3646; x_wconf 85' lang='lat' dir='ltr'>corpus</span> <span class='ocrx_word' id='word_1_158' title='bbox 1467 3571 1573 3643; x_wconf 76' lang='lat' dir='ltr'>quidem</span> 
     </span>
     <span class='ocr_line' id='line_1_23' title="bbox 454 3656 1574 3732; baseline -0.003 -18"><span class='ocrx_word' id='word_1_159' title='bbox 454 3665 595 3732; x_wconf 82' lang='lat' dir='ltr'>usurpavit,</span> <span class='ocrx_word' id='word_1_160' title='bbox 619 3661 657 3715; x_wconf 88' lang='lat' dir='ltr'>uti</span> <span class='ocrx_word' id='word_1_161' title='bbox 680 3658 771 3716; x_wconf 86' lang='lat' dir='ltr'>Graeci</span> <span class='ocrx_word' id='word_1_162' title='bbox 796 3658 921 3728; x_wconf 75' lang='grc' dir='ltr'>χρῆσθαι,</span> <span class='ocrx_word' id='word_1_163' title='bbox 936 3668 989 3710; x_wconf 84' lang='lat' dir='ltr'>tam</span> <span class='ocrx_word' id='word_1_164' title='bbox 1038 3658 1094 3709; x_wconf 86' lang='lat' dir='ltr'>eins</span> <span class='ocrx_word' id='word_1_165' title='bbox 1106 3656 1256 3725; x_wconf 84' lang='lat' dir='ltr'>(Miltiadis)</span> <span class='ocrx_word' id='word_1_166' title='bbox 1270 3656 1574 3729; x_wconf 76' lang='lat' dir='ltr'>sepulturaepriusmsrt·</span> 
     </span>
     <span class='ocr_line' id='line_1_24' title="bbox 454 3739 1569 3816; baseline -0.001 -18"><span class='ocrx_word' id='word_1_167' title='bbox 454 3746 594 3812; x_wconf 75' lang='lat' dir='ltr'>damulis,</span> <span class='ocrx_word' id='word_1_168' title='bbox 614 3747 667 3800; x_wconf 81' lang='lat' dir='ltr'>lato</span> <span class='ocrx_word' id='word_1_169' title='bbox 700 3742 813 3816; x_wconf 83' lang='lat' dir='ltr'>quodam</span> <span class='ocrx_word' id='word_1_170' title='bbox 839 3741 988 3804; x_wconf 85' lang='lat' dir='ltr'>destinatis,</span> <span class='ocrx_word' id='word_1_171' title='bbox 1039 3739 1093 3794; x_wconf 84' lang='lat' dir='ltr'>dari</span> <span class='ocrx_word' id='word_1_172' title='bbox 1105 3743 1169 3812; x_wconf 82' lang='lat' dir='ltr'>passi</span> <span class='ocrx_word' id='word_1_173' title='bbox 1188 3751 1259 3805; x_wconf 85' lang='lat' dir='ltr'>sunt,</span> <span class='ocrx_word' id='word_1_174' title='bbox 1274 3761 1349 3811; x_wconf 88' lang='lat' dir='ltr'>quam</span> <span class='ocrx_word' id='word_1_175' title='bbox 1369 3742 1437 3796; x_wconf 81' lang='lat' dir='ltr'>iilius</span> <span class='ocrx_word' id='word_1_176' title='bbox 1452 3742 1509 3795; x_wconf 83' lang='lat' dir='ltr'>eius</span> <span class='ocrx_word' id='word_1_177' title='bbox 1524 3742 1569 3797; x_wconf 83' lang='lat' dir='ltr'>Ci-</span> 
     </span>
     <span class='ocr_line' id='line_1_25' title="bbox 454 3823 1573 3902; baseline 0 -21"><span class='ocrx_word' id='word_1_178' title='bbox 454 3848 532 3900; x_wconf 85' lang='lat' dir='ltr'>quam</span> <span class='ocrx_word' id='word_1_179' title='bbox 545 3830 577 3881; x_wconf 87' lang='lat' dir='ltr'>de</span> <span class='ocrx_word' id='word_1_180' title='bbox 590 3830 663 3883; x_wconf 86' lang='lat' dir='ltr'>bonis</span> <span class='ocrx_word' id='word_1_181' title='bbox 674 3826 822 3902; x_wconf 85' lang='lat' dir='ltr'>quaenobis</span> <span class='ocrx_word' id='word_1_182' title='bbox 835 3823 988 3889; x_wconf 87' lang='lat' dir='ltr'>obveniant,</span> <span class='ocrx_word' id='word_1_183' title='bbox 1039 3844 1102 3878; x_wconf 89' lang='lat' dir='ltr'>mon</span> <span class='ocrx_word' id='word_1_184' title='bbox 1116 3825 1211 3879; x_wconf 82' lang='lat' dir='ltr'>eisdem</span> <span class='ocrx_word' id='word_1_185' title='bbox 1228 3826 1339 3879; x_wconf 81' lang='lat' dir='ltr'>vinculis</span> <span class='ocrx_word' id='word_1_186' title='bbox 1352 3845 1378 3880; x_wconf 90' lang='lat' dir='ltr'>se</span> <span class='ocrx_word' id='word_1_187' title='bbox 1392 3827 1573 3899; x_wconf 68' lang='lat' dir='ltr'>constringen-</span> 
     </span>
     <span class='ocr_line' id='line_1_26' title="bbox 453 3909 1572 3979; baseline 0.004 -16"><span class='ocrx_word' id='word_1_188' title='bbox 453 3911 538 3966; x_wconf 86' lang='lat' dir='ltr'>solent</span> <span class='ocrx_word' id='word_1_189' title='bbox 549 3913 679 3966; x_wconf 87' lang='lat' dir='ltr'>adhibere.</span> <span class='ocrx_word' id='word_1_190' title='bbox 1039 3909 1103 3963; x_wconf 88' lang='lat' dir='ltr'>dum</span> <span class='ocrx_word' id='word_1_191' title='bbox 1118 3910 1238 3962; x_wconf 79' lang='lat' dir='ltr'>traderet,</span> <span class='ocrx_word' id='word_1_192' title='bbox 1255 3929 1266 3960; x_wconf 83' lang='lat' dir='ltr'>a</span> <span class='ocrx_word' id='word_1_193' title='bbox 1283 3912 1319 3977; x_wconf 87' lang='lat' dir='ltr'>V,</span> <span class='ocrx_word' id='word_1_194' title='bbox 1331 3917 1356 3973; x_wconf 80' lang='lat'>3,</span> <span class='ocrx_word' id='word_1_195' title='bbox 1370 3919 1421 3964; x_wconf 85' lang='lat' dir='ltr'>est.</span> <span class='ocrx_word' id='word_1_196' title='bbox 1439 3919 1463 3979; x_wconf 68' lang='grc' dir='ltr'>ἃς</span> <span class='ocrx_word' id='word_1_197' title='bbox 1473 3920 1499 3963; x_wconf 86' lang='lat' dir='ltr'>et</span> <span class='ocrx_word' id='word_1_198' title='bbox 1512 3910 1572 3967; x_wconf 87' lang='lat' dir='ltr'>loco</span> 
     </span>
    </p>

    <p class='ocr_par' dir='ltr' id='par_1_11' title="bbox 453 3992 1573 4403">
     <span class='ocr_line' id='line_1_27' title="bbox 489 3992 1573 4071; baseline -0.004 -21"><span class='ocrx_word' id='word_1_199' title='bbox 489 4001 531 4066; x_wconf 83' lang='lat'>(2)</span> <span class='ocrx_word' id='word_1_200' title='bbox 545 3999 635 4051; x_wconf 63' lang='lat' dir='ltr'>[sitem</span> <span class='ocrx_word' id='word_1_201' title='bbox 649 3999 782 4054; x_wconf 85' lang='lat' dir='ltr'>Nimirum</span> <span class='ocrx_word' id='word_1_202' title='bbox 797 3999 988 4071; x_wconf 76' lang='lat' dir='ltr'>quinquaginta</span> <span class='ocrx_word' id='word_1_203' title='bbox 1039 3993 1130 4045; x_wconf 85' lang='lat' dir='ltr'>altero:</span> <span class='ocrx_word' id='word_1_204' title='bbox 1153 4013 1163 4044; x_wconf 85' lang='lat' dir='ltr'>a</span> <span class='ocrx_word' id='word_1_205' title='bbox 1179 3994 1337 4063; x_wconf 83' lang='lat' dir='ltr'>Cimon,qui</span> <span class='ocrx_word' id='word_1_206' title='bbox 1351 3994 1417 4066; x_wconf 80' lang='lat' dir='ltr'>patri</span> <span class='ocrx_word' id='word_1_207' title='bbox 1434 4005 1477 4047; x_wconf 88' lang='lat' dir='ltr'>tuo</span> <span class='ocrx_word' id='word_1_208' title='bbox 1488 3992 1573 4066; x_wconf 83' lang='lat' dir='ltr'>sepul·</span> 
     </span>
     <span class='ocr_line' id='line_1_28' title="bbox 454 4076 1572 4151; baseline 0.004 -22"><span class='ocrx_word' id='word_1_209' title='bbox 454 4077 566 4142; x_wconf 80' lang='lat' dir='ltr'>talenta,</span> <span class='ocrx_word' id='word_1_210' title='bbox 591 4089 620 4131; x_wconf 89' lang='lat' dir='ltr'>ut</span> <span class='ocrx_word' id='word_1_211' title='bbox 646 4100 722 4151; x_wconf 84' lang='lat' dir='ltr'>supra</span> <span class='ocrx_word' id='word_1_212' title='bbox 747 4086 775 4135; x_wconf 88' lang='lat' dir='ltr'>in</span> <span class='ocrx_word' id='word_1_213' title='bbox 794 4081 904 4134; x_wconf 83' lang='lat' dir='ltr'>Miltiad.</span> <span class='ocrx_word' id='word_1_214' title='bbox 932 4082 989 4134; x_wconf 89' lang='lat' dir='ltr'>Vll.</span> <span class='ocrx_word' id='word_1_215' title='bbox 1040 4087 1123 4129; x_wconf 71' lang='lat' dir='ltr'>terram</span> <span class='ocrx_word' id='word_1_216' title='bbox 1133 4076 1285 4131; x_wconf 86' lang='lat' dir='ltr'>voluntariis</span> <span class='ocrx_word' id='word_1_217' title='bbox 1298 4078 1408 4132; x_wconf 86' lang='lat' dir='ltr'>vinculis</span> <span class='ocrx_word' id='word_1_218' title='bbox 1419 4097 1506 4132; x_wconf 91' lang='lat' dir='ltr'>emere</span> <span class='ocrx_word' id='word_1_219' title='bbox 1518 4099 1572 4133; x_wconf 87' lang='lat' dir='ltr'>non</span> 
     </span>
     <span class='ocr_line' id='line_1_29' title="bbox 454 4158 1569 4231; baseline 0.004 -19"><span class='ocrx_word' id='word_1_220' title='bbox 454 4159 542 4212; x_wconf 82' lang='lat' dir='ltr'>Nostri</span> <span class='ocrx_word' id='word_1_221' title='bbox 567 4158 632 4212; x_wconf 83' lang='lat' dir='ltr'>aeris</span> <span class='ocrx_word' id='word_1_222' title='bbox 650 4164 760 4227; x_wconf 77' lang='lat'><strong>285‚537</strong></span> <span class='ocrx_word' id='word_1_223' title='bbox 781 4164 813 4216; x_wconf 87' lang='lat' dir='ltr'>sr.</span> <span class='ocrx_word' id='word_1_224' title='bbox 831 4194 863 4206; x_wconf 92' lang='lat'><em>-</em></span> <span class='ocrx_word' id='word_1_225' title='bbox 885 4164 987 4216; x_wconf 81' lang='lat' dir='ltr'>Eadem</span> <span class='ocrx_word' id='word_1_226' title='bbox 1039 4162 1276 4217; x_wconf 76' lang='lat' dir='ltr'>dubitastiallide</span> <span class='ocrx_word' id='word_1_227' title='bbox 1295 4162 1341 4217; x_wconf 92' lang='lat' dir='ltr'>lib.</span> <span class='ocrx_word' id='word_1_228' title='bbox 1360 4164 1390 4215; x_wconf 82' lang='lat' dir='ltr'>V.</span> <span class='ocrx_word' id='word_1_229' title='bbox 1405 4181 1426 4215; x_wconf 90' lang='lat' dir='ltr'>c.</span> <span class='ocrx_word' id='word_1_230' title='bbox 1445 4173 1470 4231; x_wconf 80' lang='lat' dir='ltr'>t,</span> <span class='ocrx_word' id='word_1_231' title='bbox 1481 4173 1531 4217; x_wconf 81' lang='lat' dir='ltr'>ext.</span> <span class='ocrx_word' id='word_1_232' title='bbox 1545 4168 1569 4216; x_wconf 87' lang='lat'>2.</span> 
     </span>
     <span class='ocr_line' id='line_1_30' title="bbox 453 4245 1570 4314; baseline 0.001 -15"><span class='ocrx_word' id='word_1_233' title='bbox 453 4245 565 4299; x_wconf 82' lang='lat' dir='ltr'>custodia</span> <span class='ocrx_word' id='word_1_234' title='bbox 586 4246 769 4300; x_wconf 82' lang='lat' dir='ltr'>tenebatur.Nil</span> <span class='ocrx_word' id='word_1_235' title='bbox 787 4248 819 4300; x_wconf 86' lang='lat' dir='ltr'>de</span> <span class='ocrx_word' id='word_1_236' title='bbox 837 4250 984 4302; x_wconf 86' lang='lat' dir='ltr'>lmccasto-</span> <span class='ocrx_word' id='word_1_237' title='bbox 1038 4246 1128 4300; x_wconf 86' lang='lat' dir='ltr'>lustin.</span> <span class='ocrx_word' id='word_1_238' title='bbox 1147 4248 1269 4314; x_wconf 62' lang='lat' dir='ltr'>ltin·</span> <span class='ocrx_word' id='word_1_239' title='bbox 1299 4248 1401 4300; x_wconf 82' lang='lat' dir='ltr'>Patrem</span> <span class='ocrx_word' id='word_1_240' title='bbox 1416 4246 1450 4299; x_wconf 87' lang='lat' dir='ltr'>ob</span> <span class='ocrx_word' id='word_1_241' title='bbox 1469 4250 1570 4300; x_wconf 86' lang='lat' dir='ltr'>crimen</span> 
     </span>
     <span class='ocr_line' id='line_1_31' title="bbox 454 4325 1572 4403; baseline 0.001 -19"><span class='ocrx_word' id='word_1_242' title='bbox 454 4325 628 4384; x_wconf 81' lang='lat' dir='ltr'>dirllerodot.</span> <span class='ocrx_word' id='word_1_243' title='bbox 643 4326 711 4385; x_wconf 88' lang='lat' dir='ltr'>Plut.</span> <span class='ocrx_word' id='word_1_244' title='bbox 729 4328 769 4385; x_wconf 79' lang='lat' dir='ltr'>vel</span> <span class='ocrx_word' id='word_1_245' title='bbox 781 4331 917 4385; x_wconf 83' lang='lat' dir='ltr'>Demosth.</span> <span class='ocrx_word' id='word_1_246' title='bbox 926 4333 986 4386; x_wconf 80' lang='lat' dir='ltr'>lle·</span> <span class='ocrx_word' id='word_1_247' title='bbox 1038 4331 1170 4403; x_wconf 81' lang='lat' dir='ltr'>peculatus</span> <span class='ocrx_word' id='word_1_248' title='bbox 1182 4331 1208 4384; x_wconf 90' lang='lat' dir='ltr'>in</span> <span class='ocrx_word' id='word_1_249' title='bbox 1216 4350 1342 4386; x_wconf 87' lang='lat' dir='ltr'>carcerem</span> <span class='ocrx_word' id='word_1_250' title='bbox 1356 4333 1513 4397; x_wconf 83' lang='lat' dir='ltr'>coniectum,</span> <span class='ocrx_word' id='word_1_251' title='bbox 1522 4330 1572 4387; x_wconf 87' lang='lat' dir='ltr'>ibi·</span> 
     </span>
    </p>
   </div>
   <div class='ocr_carea' id='block_1_10' title="bbox 0 0 1683 5572">
    <p class='ocr_par' dir='ltr' id='par_1_12' title="bbox 0 0 1683 5572">
     <span class='ocr_line' id='line_1_32' title="bbox 0 0 1683 5572; baseline 0 0"><span class='ocrx_word' id='word_1_252' title='bbox 0 0 1683 5572; x_wconf 95' lang='lat' dir='ltr'> </span> 
     </span>
    </p>
   </div>
  </div>
 </body>
</html>
