3352 5572
647 480 994 551 omunrsrronts
1278 441 1397 590 “snt

280 682 341 741 d'ssn
355 685 382 742 ln
398 683 490 742 multis
504 685 615 744 auctoris
637 687 721 744 nostrl
741 685 806 742 locis
831 686 1021 760 antiquitatem.
1045 688 1200 762 Spseimlnis
1225 689 1283 748 loeo
1299 690 1401 765 aliquot

280 767 405 823 exhibebo
422 769 618 848 observationes.

315 891 360 951 ill.
382 891 506 960 Quisquis
530 891 675 949 litterarum
692 892 850 949 Graecarum
867 910 921 947 non
938 894 1047 957 omnino
1063 909 1152 963 expers
1175 901 1233 962 est,
1258 892 1401 955 ostendetur

279 960 367 1029 thatim
382 972 439 1029 loco
455 972 502 1031 illa
516 974 629 1035 Cornelii
645 975 670 1028 in
684 974 851 1045 praelatione:
872 993 883 1026 ιι
892 972 969 1031 Nulla
981 972 1170 1037 Lacedaemoni
1185 983 1238 1028 tarn
1253 983 1290 1028 est
1304 975 1401 1039 nobilis

282 1071 293 1108 s
311 1052 401 1118 risus,
414 1073 477 1128 quae
492 1073 544 1113 non
561 1055 593 1115 ad
607 1073 711 1109 uenam
729 1066 769 1110 eat
783 1055 902 1111 mercede
920 1055 1075 1109 conducta.»
1092 1056 1204 1121 Scimus,
1224 1054 1397 1110 Lacedaemo·

278 1135 337 1191 aios
349 1155 364 1190 s
377 1135 436 1207 leae
454 1138 569 1210 Lycurgi
586 1136 653 1193 ludis
670 1140 778 1193 scenicis
795 1156 839 1192 seu
853 1137 1017 1192 theatralibus
1031 1140 1139 1192 omnino
1156 1137 1316 1197 abstinuisse.
1338 1137 1395 1191 tta-

278 1215 365 1279 rsilssti
383 1226 443 1271 sunt
458 1217 507 1273 luri
520 1219 707 1290 Xenophontis,
722 1221 766 1290 qui
787 1218 921 1274 tamittaris
939 1218 988 1274 luit
1005 1217 1130 1292 Agesilai,
1148 1228 1174 1272 et
1192 1217 1338 1282 Plutarchi,
1354 1216 1400 1293 qul

278 1310 384 1355 centurn
402 1311 459 1372 post
485 1301 638 1356 Cornelium
666 1303 741 1355 aunis
758 1300 871 1377 scripsit,
887 1320 1045 1377 omnemque
1071 1301 1164 1356 adimit
1191 1304 1400 1373 excusationem,

278 1380 346 1435 buuc
359 1400 411 1435 non
429 1383 462 1437 de
480 1384 617 1437 Pausaniae
633 1392 658 1438 et
674 1383 798 1453 Agesilai,
810 1382 855 1438 sed
871 1384 904 1438 de
918 1405 964 1438 suo
982 1385 1062 1456 ipsius
1079 1394 1197 1457 tempore
1214 1383 1296 1455 loqui,
1316 1402 1398 1455 quum

279 1465 397 1538 Lycurgi
414 1466 484 1539 leges
500 1469 552 1525 lam
570 1477 655 1522 essent
676 1467 817 1520 obsoletae.
830 1471 864 1522 Et
880 1468 902 1520 si
928 1487 1052 1543 unquam,
1078 1478 1200 1542 corrupto
1225 1467 1262 1522 rei
1282 1466 1399 1538 publicae

277 1555 358 1612 statu,
373 1549 573 1606 Lacedaemonii
590 1549 659 1619 leges
675 1567 734 1607 suas
747 1548 810 1602 adeo
823 1547 1003 1621 neglexerunt,
1016 1561 1043 1604 ut
1063 1554 1154 1611 scenae
1170 1567 1274 1625 operam
1291 1548 1400 1623 darent,

278 1647 324 1682 cur
342 1647 404 1700 prae
421 1633 512 1687 ceteris
531 1636 557 1686 in
576 1643 627 1685 tuta
645 1630 754 1687 Graecia
775 1630 890 1698 lerninis,
904 1632 1119 1687 Lacedaemoniae
1136 1635 1232 1688 viduae
1246 1632 1327 1688 nobili
1349 1631 1398 1686 tri·

279 1707 381 1774 buatnr,
395 1713 464 1785 quod
480 1713 528 1771 nisi
542 1731 588 1784 per
598 1709 715 1764 fraudem
728 1709 792 1781 legis
802 1713 873 1764 cives
887 1731 1072 1784 nonnunquam
1087 1714 1219 1770 admisisse
1228 1713 1399 1785 suspicamur!

277 1791 398 1856 Mercede
411 1795 520 1849 conduci
535 1792 630 1858 sotem,
648 1795 693 1863 qui
711 1795 739 1846 a'n
758 1808 863 1846 scenam
875 1804 947 1858 eunt,
962 1803 990 1846 ut
1004 1804 1086 1869 partes
1099 1814 1194 1867 nempe
1211 1804 1287 1927 spent
1303 1796 1330 1847 in
1352 1813 1399 1851 coe

277 1872 388 1936 moedis,
406 1892 458 1926 uon
472 1874 517 1944 qui
530 1873 567 1926 ad
582 1889 694 1937 scenam,
711 1882 738 1927 ut
755 1883 880 1943 spectent.
903 1874 1024 1928 Muneris
1042 1893 1115 1929 causa
1130 1878 1225 1945 sumpti
1245 1893 1273 1927 ns
1291 1873 1399 1945 publleit

277 1952 305 2015 in
321 1955 380 2014 aliis
394 1957 518 2013 Graeciae
533 1951 639 2009 urbibus
650 1952 836 2007 exhibebantur
852 1953 917 2021 ludi‚·
935 1955 979 2017 sed
994 1956 1053 2027 quis
1067 1955 1186 2013 mercede
1200 1954 1325 2008 conducet
1345 1974 1399 2029 eos,

279 2036 374 2109 quibus
386 2045 498 2109 spectare
511 2034 603 2106 volupe
616 2037 667 2088 est?
677 2036 796 2108 Effugere
809 2036 962 2111 interpretes
978 2040 1063 2091 conati
1080 2047 1140 2092 sunt
1154 2036 1198 2099 bas
1215 2037 1397 2113 quaestiones,

278 2113 312 2174 ad
330 2131 393 2189 quas
407 2115 449 2165 vis
466 2122 523 2183 apta
538 2115 675 2189 excogitari
690 2127 773 2189 potest
785 2119 928 2193 responsio,
942 2116 1025 2177 trihus
1045 2115 1137 2170 modis.
1157 2115 1220 2187 Atii,
1235 2115 1267 2170 ab
1284 2114 1398 2172 Aemilio

282 2192 368 2253 Prolro
395 2193 507 2263 prolecta
535 2195 597 2250 haec
631 2198 706 2252 verba
734 2209 870 2272 putantes,
896 2209 1030 2272 asscrssnt,
1056 2209 1186 2253 auctorem
1214 2215 1267 2251 non
1294 2196 1326 2255 de
1352 2195 1398 2262 itta

278 2291 343 2333 aevo
357 2271 441 2347 loqui,
461 2295 513 2349 qao
527 2280 696 2349 imperatores
714 2281 859 2351 Pausinias,
881 2280 1024 2357 Lysander,
1042 2278 1174 2353 Agesilsus
1191 2282 1327 2345 riserunt,
1351 2278 1397 2337 sed

278 2353 311 2407 de
325 2372 367 2420 eo,
386 2375 436 2429 quo
455 2357 522 2416 iiber
536 2363 694 2432 conscriptus
710 2361 852 2432 putabatur,
869 2363 1011 2415 Theodosii
1026 2380 1119 2433 nempe
1140 2369 1231 2426 aetate,
1251 2368 1312 2413 tuuc
1328 2358 1396 2414 sorte

277 2432 378 2493 habitos
394 2437 588 2494 Lacedaemone
601 2440 674 2495 ludus
688 2445 809 2507 scenicas,
824 2452 885 2497 tunc
908 2445 974 2498 sorte
990 2442 1078 2495 viduas
1104 2441 1202 2495 nobiles
1219 2440 1255 2497 eis
1275 2439 1396 2494 adfuisse.

276 2518 342 2569 Tam
361 2516 457 2572 absona
475 2528 513 2574 est
531 2518 593 2573 haec
609 2520 765 2593 coniectura,
781 2533 819 2577 tot
831 2535 920 2579 eontra
938 2541 995 2576 eam
1013 2522 1101 2577 vdent
1120 2520 1241 2591 rationes,
1258 2531 1288 2573 ut
1304 2539 1396 2591 operae

275 2601 387 2668 pretium
402 2621 454 2655 nou
468 2605 501 2659 sit
513 2602 536 2654 ei
549 2603 707 2659 refellendae
724 2608 867 2661 immorari.
885 2607 939 2660 Nec
956 2607 1117 2660 mentionem
1135 2607 1189 2658 eius
1200 2602 1329 2669 fecissem,
1346 2602 1396 2657 utet

275 2698 314 2745 ea,
331 2682 401 2752 qnod
420 2682 527 2751 mirum,
544 2686 665 2745 Lambini
681 2705 778 2740 nomen
796 2687 998 2763 praeseferret.
1014 2688 1045 2739 ln
1060 2687 1174 2740 chartam
1189 2687 1330 2740 coniecisse
1352 2684 1392 2738 vl·

274 2760 349 2815 detur
362 2765 503 2818 Lambinus
514 2765 581 2821 banc
598 2767 814 2841 observationem,
828 2779 964 2841 antequam
986 2768 1067 2822 lactus
1084 2778 1124 2821 est
1145 2767 1251 2832 certior,
1267 2766 1395 2837 Nepotem

275 2863 330 2898 esse
346 2864 437 2899 versem
456 2847 514 2903 libri
533 2860 674 2914 auctorem,-
687 2860 772 2920 postea
785 2849 857 2905 illam
875 2848 962 2904 delere
974 2849 1076 2904 oblitus.
1093 2850 1220 2902 Monstrat
1235 2849 1283 2900 hoc
1303 2866 1393 2901 esem·

274 2924 358 2991 plum,
378 2929 525 3000 purgandos
539 2949 593 2982 esse
607 2951 620 2983 a
634 2930 754 3003 lapsibus,
771 2932 827 2987 aive
839 2930 932 2985 calami
953 2928 1008 2985 sive
1026 2931 1125 2993 iudicii,
1148 2930 1291 2984 doctiorum
1314 2929 1393 2982 etiam

274 3006 390 3063 virorum
409 3015 621 3077 commentarios,
633 3015 656 3067 si
674 3015 764 3066 iterata
778 3013 894 3067 editione
911 3022 1072 3084 repetuntur.
1087 3011 1223 3085 Explicsnt
1239 3010 1283 3064 alil
1294 3028 1394 3065 scenam

273 3105 320 3156 per
337 3087 607 3162 ludosgymuasticos,
620 3111 685 3163 quos
698 3093 891 3147 Lacedaemone
913 3096 1047 3167 magnoin
1072 3092 1154 3165 pretio
1179 3092 1256 3148 baisse
1281 3094 1395 3157 scimus,

273 3168 384 3226 seminas
398 3192 503 3245 quoque
514 3175 550 3228 eis
564 3176 689 3230 admissas
702 3195 754 3228 non
767 3194 900 3249 negamus3
914 3179 958 3229 sed
975 3195 1089 3251 pugnare
1107 3175 1210 3229 videtur
1227 3175 1289 3226 haec
1309 3172 1392 3247 espil-

273 3251 341 3305 catio
355 3267 444 3306 contra
466 3274 542 3307 usum
566 3258 635 3310 vocis
658 3257 770 3323 Scenae,
782 3277 796 3311 a
810 3259 913 3312 Graecis
930 3278 1011 3329 aeque
1024 3278 1053 3312 ac
1066 3257 1189 3312 Romanis
1201 3264 1342 3325 receptum,
1360 3255 1394 3306 Et

272 3344 350 3389 restat
364 3335 489 3408 quaestio:
507 3340 571 3406 Quis
584 3341 702 3393 mercede
720 3341 846 3395 conducet
862 3341 963 3401 viduam
982 3341 1106 3404 nobilem,
1123 3349 1152 3393 ut
1173 3349 1213 3397 est
1230 3335 1391 3407 spectatum?

222 3471 224 3478 ἱ
272 3414 329 3471 Alii
343 3415 468 3491 denique,
483 3435 594 3489 quorum
613 3421 730 3492 princeps
748 3422 799 3476 suit
816 3422 990 3495 Hieronymus
1010 3421 1120 3494 Magius,
1147 3414 1394 3487 crediderunt,legi

273 3496 369 3557 debers
382 3517 496 3563 coenurn,
510 3518 561 3553 nou
579 3519 691 3555 scenam.
705 3506 756 3556 siut
766 3501 832 3556 hanc
845 3494 998 3567 lectionem,
1009 3512 1052 3555 aut
1064 3503 1142 3557 etiarn
1156 3499 1191 3552 art
1204 3501 1298 3562 lenam,
1310 3494 1393 3551 corrl·

290 3576 358 3643 endo
375 3583 455 3634 textui
469 3593 556 3652 aptam
574 3601 628 3636 esse
644 3583 753 3636 credidit
770 3585 789 3636 l.
803 3584 842 3649 bi.
859 3585 1044 3665 heusingerus,
1057 3600 1138 3657 eaque
1150 3600 1191 3634 res
1208 3578 1305 3651 largam
1320 3596 1394 3663 prae·

272 3595 331 3722 luis
344 3664 476 3718 materiam
489 3663 669 3738 disputationis
680 3668 749 3720 inter
760 3665 844 3741 ipsum
862 3676 887 3720 et
901 3666 1079 3724 doctissimum
1097 3664 1271 3723 Starerulurn.
1288 3661 1393 3715 Certum

274 3741 383 3815 quidem
398 3753 444 3808 est,
457 3746 633 3800 Lacaenarum
650 3765 735 3802 mores
747 3766 800 3802 non
818 3749 894 3802 luisse
911 3767 970 3820 prae
983 3748 1088 3800 caeteris
1100 3755 1191 3805 astas·
1203 3741 1254 3797 3θᾶ
1266 3742 1344 3795 Ιθΰῗῑθ
1357 3741 1394 3797 ⁸3

274 3820 358 3881 lenam
375 3846 428 3882 non
442 3826 538 3902 placuit
551 3829 625 3890 beato
640 3834 767 3898 Gesnero,
781 3836 885 3905 iurs,ut
896 3829 959 3885 rnihi
973 3829 1080 3905 quidem
1095 3828 1208 3893 videtur,
1222 3837 1258 3892 et,
1270 3828 1293 3887 si
1304 3842 1393 3895 erpro÷

227 3952 231 3959 .
275 3900 351 3969 bure
361 3908 448 3981 Nepos
463 3911 545 3974 voluit
555 3913 638 3971 viduis
652 3913 775 3967 Lacaenis
790 3930 892 3967 morum
906 3911 1045 3976 licentiam,
1059 3910 1107 3969 hoe
1116 3928 1193 3964 sensu
1204 3902 1394 3981 sixadsequats

276 3982 368 4050 dixisse
383 3991 493 4048 videtur:
509 3993 580 4062 Quae
598 4013 650 4048 non
664 3994 695 4050 ad
713 4012 820 4049 coenam
833 4004 875 4047 eat
887 3992 1005 4047 mercede
1022 3992 1156 4047 conducta.

310 4109 382 4166 Nihil
398 4113 484 4184 itaque
502 4129 632 4188 superest,
644 4119 694 4172 nisi
707 4127 737 4174 ut
753 4117 840 4172 tamn
857 4114 1000 4171 iudicemus
1023 4115 1088 4173 adeo
1104 4124 1267 4185 wrmpsan,
1287 4110 1395 4175 &milli

275 4187 382 4249 lactent
394 4196 471 4251 Probi
484 4196 569 4268 eulpa,
582 4211 612 4253 ut
628 4200 792 4269 probabiliter
806 4215 854 4255 aee
870 4197 992 4269 esplissri
1006 4216 1054 4253 nec
1065 4197 1197 4257 emendari
1208 4192 1393 4270 postetam

277 4271 346 4338 suisa
360 4291 477 4334 accusare
493 4280 654 4351 Cornelium,
663 4299 725 4344 suta
741 4281 769 4347 itt
783 4280 899 4352 ΜΝ·
913 4283 1071 4349 Gfltfflsstm
1085 4278 1253 4362 “Wnlllr
1271 4280 1390 4360 illim·
