3352 5572
527 475 753 541 aaasuavs
1103 445 1200 582 239

83 680 301 787 ignorantia
316 676 505 754 bonarum
518 676 733 756 rerum'illa
749 680 982 784 potissimam
1008 684 1205 784 sumpsisse

34 798 375 875 arbitrabantur.
408 797 480 871 Hic
511 823 632 900 quum
660 821 708 873 ex
736 799 907 903 Aegypto
933 815 1203 894 reverteretur,

85 917 250 995 donatus
268 944 289 989 a
307 940 397 1018 rege
414 910 702 991 Nectanabide⁸
719 910 1033 1019 ducentisviginti
1046 917 1206 1008 talentis,

30 1088 32 1093 <
84 1061 180 1137 quae
206 1031 272 1110 ille
291 1030 440 1109 muneri
467 1030 615 1137 populo
641 1057 710 1108 suo
737 1031 871 1125 daret3
898 1037 1136 1140 venissetque
1161 1038 1203 1112 in

85 1167 250 1252 portum,
268 1176 335 1252 qui
325 1142 512 1229 Menelai
532 1140 848 1245 recensuissem
867 1149 964 1231 ister
979 1148 1147 1257 Cyrenas
1168 1168 1206 1227 et

83 1266 319 1370 Aegyptum
351 1265 393 1338 in
414 1262 587 1359 morbum
616 1258 820 1369 implicitus
845 1259 1015 1344 decessit.
1042 1268 1100 1342 lbi
1121 1294 1205 1343 eum

87 1386 207 1476 amici,
226 1408 304 1487 quo
325 1381 499 1487 Spartam
531 1381 679 1495 facilius
704 1383 874 1484 perferre
901 1402 1067 1490 possent,
1102 1383 1207 1491 quod

88 1501 162 1576 mel
181 1527 260 1576 non
288 1498 592 1598 habebanccera
619 1498 970 1595 circumfuderunt3
988 1504 1137 1606 ⁹,atqttc
1154 1505 1207 1579 ita
1303 1494 1306 1499 ’

84 1615 238 1694 domum
261 1613 490 1693 retulerunt.

83 1836 201 1890 mrum
217 1854 312 1891 reram.
326 1835 414 1889 Bonae
429 1854 468 1888 res
493 1834 536 1889 hic
546 1846 619 1890 -sunt
670 1834 715 1890 fias.
726 1837 766 1891 De
787 1846 840 1908 qno
858 1834 917 1889 ride
930 1836 1051 1890 Strabon.
1065 1837 1088 1902 l,
1100 1845 1125 1891 ei
1142 1855 1208 1908 geo-

84 1935 195 1973 ennesu
209 1929 351 1989 unguenta,
370 1920 421 1972 cibi
442 1918 553 1986 delicati,
572 1931 620 1974 etc.
671 1917 790 1989 grsplros.
811 1948 844 1962 -
867 1919 987 1972 Dereud.
1008 1919 1098 1973 Annos
1124 1934 1206 1988 quum

83 2002 119 2056 Hi
132 2020 228 2072 nempe
241 2001 383 2055 homines
375 2002 492 2056 immersi
507 2008 638 2076 volupta-
671 2005 774 2057 vixisset
791 1998 901 2073 quatuor
917 2010 945 2056 ei
957 2002 1095 2072 octoginta,
1109 2013 1136 2056 et
1155 2005 1206 2054 La-

83 2085 163 2148 aba,
180 2103 209 2139 sc
226 2103 303 2137 verae
327 2085 428 2138 virtutis
451 2095 523 2141 taaio
539 2089 622 2159 magis
670 2084 826 2137 Marmore
843 2102 925 2137 unum
939 2091 966 2135 et
983 2083 1148 2154 quandraginta
1162 2100 1206 2134 re·

84 2166 179 2238 ignari,
189 2142 290 2239 quanto
302 2167 383 2236 pluris
396 2168 482 2225 brec
474 2172 561 2225 inania
578 2171 619 2224 ia·
671 2177 781 2239 gamat.
795 2165 954 2221 Plutarchus.

85 2261 184 2315 areat,
197 2252 379 2305 abstinentiam
391 2255 486 2307 sitium
500 2273 529 2309 ac
541 2257 619 2309 msti-
705 2254 748 2321 (⁹)
767 2250 843 2322 Quod
862 2252 913 2304 mei
927 2268 978 2303 aron
1000 2249 1132 2315 habeberet,
1146 2265 1211 2317 ,ενα

84 2337 188 2395 ciiaiem
203 2336 389 2391 existimabant.
672 2333 888 2404 circumfuderant.
903 2333 1000 2387 &ntra
1017 2331 1095 2387 Diod.
1111 2330 1211 2401 scribit,

118 2423 161 2492 (8)
175 2423 203 2476 A
214 2441 273 2493 rege
287 2419 468 2477 Nectanabide.
481 2422 522 2477 Ad
536 2441 622 2494 questu
673 2418 786 2491 Agesilai
814 2437 907 2490 eorpus
932 2420 960 2472 in
984 2415 1062 2472 melle
1088 2419 1209 2489 Spartam

84 2507 175 2560 Terbo
191 2524 218 2559 se
256 2505 372 2578 opulso,
385 2505 531 2562 desciverat
548 2508 621 2581 Age·
673 2502 839 2575 deportatum
856 2520 920 2557 esse.
936 2500 1001 2555 Nam
1015 2499 1155 2571 antiquitus
1168 2519 1210 2553 ca·

86 2590 172 2645 silaus
187 2593 222 2647 vi
248 2590 416 2656 Plutarch„
429 2590 560 2662 Xenoph,
572 2600 623 2647 etc.
673 2583 784 2651 devera,
804 2603 870 2656 quae
887 2585 985 2638 servari
1004 2581 1118 2650 vellent,
1133 2582 1212 2638 melle

86 2704 120 2720 -
133 2648 252 2728 maridis
265 2678 362 2746 viginti
373 2676 484 2727 manas.
498 2679 555 2728 lmo
569 2673 624 2728 dn·
672 2669 838 2725 condiebant.
854 2670 990 2723 Personam
998 2667 1212 2723 tamenmosiuit

84 2762 167 2815 realis
189 2772 226 2814 so
240 2759 347 2831 triginta
369 2758 472 2813 talentis
493 2758 622 2815 donatum
673 2771 728 2808 uon
753 2753 842 2817 melle,
864 2753 910 2807 sed
935 2770 993 2806 cers
1010 2747 1208 2817 circumlinire,

84 2845 166 2900 fuisse
176 2843 324 2915 Agesilaum
335 2842 623 2901 relertl’lntsrelrus.-
673 2847 740 2895 teste
767 2837 900 2892 Herodoto
922 2836 971 2891 lib.
992 2840 1014 2905 13
1031 2846 1058 2891 et
1079 2834 1163 2891 Ciesr.
1181 2835 1210 2888 in

89 2930 160 3000 Quae
176 2931 220 2982 ille
242 2935 340 2983 maneri
360 2931 452 3001 populo
476 2949 520 2982 suo
543 2931 624 2983 daret.
674 2923 784 2977 Tuscul.
799 2923 820 2973 l.
834 2919 1146 2991 &uram-Atquin
1160 2916 1209 2971 ab·

87 3014 158 3082 Quae
171 3013 304 3084 Agesilaus
315 3014 537 3079 Lacedaemoniis,
553 3031 624 3066 aera·
674 3024 741 3059 munt
761 3009 908 3061 retulerunt.
924 3005 986 3059 Sola
1008 3009 1080 3060 enim
1098 3022 1191 3075 regum
1199 3043 1210 3068 ,

75 3098 121 3149 'rii
139 3097 227 3167 inopia
249 3104 311 3150 tune
335 3096 521 3161 laborantibus,
543 3096 627 3151 daret.
675 3101 741 3149 teste
763 3089 909 3157 Plutarcho,
926 3109 1032 3165 peregre
1045 3099 1211 3145 mortuorum

88 3179 154 3234 Vide
168 3181 238 3233 Ptm.
254 3182 282 3233 in
300 3181 429 3252 Agesilao,
442 3200 520 3252 prope
534 3185 625 3236 linem.
676 3175 914 3247 corporesitum
927 3173 1025 3229 release
1043 3171 1153 3228 licitum.

89 3293 122 3307 ··
135 3264 187 3336 Qui
198 3264 317 3320 Menelai
328 3279 444 3326 vamba.
457 3265 555 3339 supple
565 3284 626 3338 por·
