3352 5572
271 397 370 539 408
732 428 949 495 nxcvnsvs

270 633 321 688 Pru
336 634 436 688 ardores
447 630 513 687 cod.
525 629 598 686 Leid.
610 629 710 694 ardon,
722 646 771 703 pro
786 629 880 692 mutue
895 628 995 697 mitris,
1011 635 1039 684 et
1058 646 1106 703 pro
1121 646 1210 699 evae,
1221 638 1338 703 stratus
1354 632 1408 689 set

270 733 344 769 rurae
359 715 434 770 MSS.
447 715 533 769 Oxou.
545 721 571 766 et
584 714 660 767 Voss.
673 713 709 767 Δ.
721 713 750 767 Β.
763 712 869 766 Stratus
887 711 971 784 plscet
988 712 1099 780 Clerico,
1113 713 1179 768 Bihl.
1191 715 1260 769 dno.
1273 724 1303 769 et
1321 715 1408 774 Mod.

271 802 348 852 Tons.
361 799 396 861 V,
409 816 435 869 p.
450 804 475 850 t.
489 795 575 850 Verhs
584 795 631 850 lsoo
641 795 744 849 oonsilio
756 793 901 866 parenthesi
914 814 968 850 esse
982 794 1142 850 excludends
1152 804 1180 850 et
1192 795 1223 850 sd
1236 796 1408 869 procedens

268 881 389 950 praelium
403 882 574 932 commiserunt
587 876 732 939 reserenda,
746 876 822 930 docet
833 877 928 931 Schett.
945 880 993 947 Ep.
1011 885 1036 932 5.
1049 877 1082 931 sd
1095 878 1311 945 rtieueiosium,
1326 880 1407 952 quud

270 960 396 1032 probatur
412 960 439 1013 in
455 961 501 1030 Ep.
512 964 538 1013 d.
552 960 584 1012 sb
598 957 768 1013 Heins.Stov.
783 957 959 1014 Vehenusnter
975 959 1074 1025 miror,
1092 960 1225 1031 quomodo
1248 960 1319 1014 viris
1334 961 1408 1032 qui·

270 1044 380 1098 husdsns
397 1042 480 1098 doctis
492 1042 594 1115 plseere
610 1040 732 1113 potuerit,
750 1040 835 1094 locum
851 1042 886 1094 its
899 1040 1067 1112 distinguere,
1077 1051 1107 1094 ut
1124 1040 1211 1104 verbs,
1222 1045 1411 1114 umquem&

271 1148 307 1182 m.
320 1129 339 1180 l.
352 1147 376 1182 e.
387 1139 492 1192 suasae,
507 1125 535 1178 in
552 1124 697 1195 psrenthesi
714 1124 796 1194 posits
815 1120 965 1176 habetatur.
982 1122 1017 1177 Ni
1030 1123 1119 1176 omnis
1138 1141 1181 1176 sne
1197 1122 1303 1191 lsllunl,
1318 1126 1411 1182 verhs

270 1207 326 1273 ills,
341 1228 473 1280 nomque.
483 1249 490 1263 .
500 1207 693 1272 ,clauderentun
707 1204 778 1277 quod
792 1213 819 1258 et
829 1202 876 1258 slii
888 1203 1020 1269 uiderunt,
1032 1204 1150 1277 pluribus
1162 1214 1304 1277 exponunt,
1319 1227 1411 1280 quae-

271 1309 332 1344 naus
346 1289 392 1345 ills
408 1291 486 1345 luerit
502 1307 570 1344 nors
587 1307 637 1352 trs,
655 1306 705 1358 qus
718 1288 800 1341 sciern
813 1286 965 1342 iussurum
982 1288 1080 1341 Auctor
1098 1287 1206 1343 diserst.
1223 1286 1337 1355 Suetus
1353 1308 1411 1347 η.

272 1382 326 1427 tem
339 1372 419 1437 melo,
431 1390 579 1443 quanusm
592 1390 668 1424 rurae
680 1371 760 1424 etism
774 1372 802 1424 in
820 1371 909 1425 Auen.-
924 1368 984 1425 sod.
1002 1368 1106 1442 legitur.
1123 1369 1242 1425 Mosolts.
1258 1370 1317 1425 Gu.
1334 1392 1412 1430 m

268 1459 352 1525 partis
363 1471 469 1508 srursme.
482 1453 537 1507 Vlt.
548 1472 616 1506 nona
637 1454 721 1523 portis
740 1470 846 1505 summa.
864 1454 895 1506 ln
915 1449 1007 1506 iisdem
1020 1470 1094 1507 rores
1112 1450 1227 1523 legitur,
1244 1450 1412 1511 sedum

271 1553 331 1589 cum
344 1533 461 1589 lllosnhio
474 1533 508 1588 eli
514 1536 587 1606 isque
600 1532 798 1604 preelerenduns
810 1541 858 1587 est.
873 1533 908 1587 G.
920 1532 959 1587 u.
971 1532 1085 1588 Bardili.

303 1691 449 1747 Mrnrrtntt
468 1695 541 1761 Vlll,
567 1714 593 1765 p.
618 1697 661 1751 69.
681 1694 757 1750 Miro
769 1699 884 1751 sumtus.
901 1693 1015 1766 Quldsttt
1026 1691 1103 1748 codd.
1119 1698 1298 1749 commotius:
1323 1714 1413 1769 qis.

273 1774 413 1830 lectionem
427 1780 531 1847 copiose
543 1776 662 1831 defendit
675 1786 751 1848 etque
767 1777 878 1833 illustret
893 1778 983 1831 Rosius
994 1775 1027 1830 sd
1046 1774 1073 1831 h.
1092 1775 1111 1829 l.
1129 1787 1186 1831 tuns
1201 1775 1338 1845 Clericus,
1357 1788 1411 1837 set.

272 1856 330 1909 erit.
348 1857 430 1910 ΜΗ.
448 1867 509 1910 sect.
523 1859 544 1922 1,
560 1876 583 1911 c.
601 1867 627 1922 7,
653 1856 701 1914 fin.
721 1862 838 1924 Gruner,
859 1859 890 1912 it.
908 1854 1028 1929 Verheyk
1048 1855 1114 1928 (qui
1131 1855 1268 1925 dissentit)
1291 1870 1324 1914 et
1343 1862 1412 1915 Tus·

273 1934 308 1988 nd
322 1939 427 2005 Eutrop.
443 1938 512 2001 Vlll,
526 1940 553 2002 2,
566 1938 590 1991 5.
612 1937 685 1993 Olhn
705 1937 737 1991 sd
754 1937 853 1992 Gitonii
865 1937 932 1992 obss
946 1939 977 1988 L.
991 1938 1022 1989 L.
1036 1954 1093 2007 psg.
1115 1942 1156 1992 77.
1178 1936 1292 1993 costros
1309 1948 1412 1997 unu

273 2025 344 2070 recte
360 2035 388 2070 se
406 2016 510 2083 hshere‚
522 2017 615 2073 docent
627 2019 734 2085 ltsvius,
747 2017 879 2075 Gehhsrd.
891 2026 918 2071 et
930 2015 1074 2088 Heusinger
1087 2015 1120 2069 sd
1135 2016 1161 2069 h.
1179 2016 1412 2092 l.quooum,quls

273 2100 478 2152 communitatem
498 2103 526 2151 s'n
538 2100 627 2170 aliquo
650 2116 721 2164 esse,
739 2117 845 2169 usquein
865 2098 968 2162 dixerit,
992 2097 1086 2151 nescio.
1103 2100 1189 2168 Atque
1202 2098 1355 2155 tummim
1367 2111 1411 2158 est

274 2178 358 2233 veluti
374 2198 465 2250 genus,
483 2198 533 2250 qus
547 2183 658 2235 virtutae
673 2180 785 2252 praediti
798 2199 826 2234 se
837 2199 919 2251 seque
932 2198 961 2233 nc
974 2179 1086 2251 reliquos
1099 2197 1152 2233 esse
1165 2178 1285 2235 hosnines
1299 2192 1410 2253 putent,

274 2270 301 2313 et
312 2262 452 2315 dsunurdtes
469 2270 530 2316 tunc
546 2263 687 2334 opponitur
699 2261 785 2335 ὕὸριι,
803 2260 969 2334 petulantiae,
980 2261 1090 2314 eliorum
1102 2262 1306 2333 contemptioni,
1321 2264 1406 2339 inge·

274 2342 320 2396 nio
332 2343 455 2414 superbos
465 2346 571 2397 uomitus
585 2361 648 2397 vero
660 2353 700 2397 est
710 2345 817 2415 species,
831 2352 857 2397 et
867 2352 994 2414 spectatur
1006 2343 1093 2396 verbis
1105 2353 1132 2395 et
1145 2361 1250 2397 morum
1263 2342 1410 2421 seritiusq

256 2424 359 2479 connis
375 2427 455 2479 etism
468 2425 577 2480 sll'shilis
593 2434 632 2479 est
648 2433 675 2479 et
690 2426 846 2481 oosnrnunis.
865 2425 970 2479 Atticus
987 2433 1074 2478 tsnsen
1094 2423 1189 2479 dieitur
1212 2425 1283 2479 insrs
1298 2429 1333 2482 in
1346 2428 1410 2487 eins

275 2511 328 2564 vlla
344 2527 402 2581 esp.
417 2516 445 2574 3,
464 2518 491 2573 t,
506 2509 644 2564 mmm
656 2506 699 2578 (h.
716 2524 744 2562 s.
762 2523 876 2577 sequus,
897 2505 1034 2571 hunssnus,
1053 2503 1177 2574 blondus)
1199 2508 1314 2579 infimis,
1328 2530 1412 2570 mort

273 2591 445 2657 Graecorum,
461 2588 532 2661 spud
551 2607 618 2661 quos
630 2607 681 2643 vos
698 2586 789 2651 hessie
805 2585 926 2641 esnsdern
939 2605 1042 2658 quoque
1070 2587 1146 2641 bslset
1168 2587 1412 2659 significetimem,

273 2671 318 2724 Sic
332 2670 464 2725 Demostd.
476 2678 541 2725 ortt.
558 2670 592 2725 de
600 2673 711 2738 Corone,
733 2688 761 2740 p.
776 2674 826 2725 ⁵29
837 2687 910 2724 mese
932 2667 994 2722 edita
1016 2656 1183 2740 ttmpdusr.
1196 2669 1308 2725 choses.
1322 2675 1361 2740 V,
1379 2680 1413 2736 ².

273 2748 349 2804 Adde
359 2751 465 2804 ditches·
477 2752 508 2805 in
523 2750 579 2806 ind.
591 2750 623 2805 sd
637 2751 772 2822 Theophr.
780 2770 805 2803 v.
821 2753 918 2812 Kottis.
936 2752 1031 2804 Contra
1048 2753 1076 2805 in
1090 2752 1143 2806 vitu
1156 2753 1247 2817 Attici,
1261 2772 1286 2808 c.
1308 2764 1356 2826 ts,
1376 2768 1391 2813 t
1397 2804 1411 2831 ,

275 2839 327 2888 es'us
340 2835 451 2903 (testei)
462 2837 573 2889 comitas
589 2854 641 2889 nors
652 2840 706 2888 sine
717 2838 846 2887 severitate
858 2846 920 2886 erat.
928 2836 1035 2905 Saepius
1049 2832 1137 2889 sutem
1146 2837 1347 2897 conhsnduntur
1359 2842 1413 2901 illu

274 2932 345 2967 voce.
362 2915 393 2968 V.
410 2914 511 2969 Stnver.
524 2916 554 2969 in
571 2913 616 2968 ed.
632 2915 695 2970 nisi.
708 2913 740 2967 sd
754 2914 780 2966 h.
792 2913 811 2967 l.
822 2917 853 2968 ln
873 2915 989 2969 Terentii
1009 2919 1136 2972 Heauton.
1153 2920 1188 2984 V,
1207 2926 1232 2982 t,
1245 2926 1278 2974 39
1297 2924 1363 2992 (ubi
1377 2946 1409 2983 v,

273 2993 461 3062 werlahon).
477 2997 676 3068 Quemquamne
693 2999 783 3051 snirno
799 3005 853 3050 tsm
869 3003 994 3052 oommum'
1007 2996 1054 3067 (sl.
1064 3017 1169 3070 quoque
1182 3004 1262 3069 oomi)
1280 3017 1410 3073 essem

273 3076 328 3131 leni
343 3080 432 3147 putes?
444 3084 494 3132 ets.
504 3077 625 3132 Harless.

307 3187 498 3239 'rusussrocsss
515 3184 550 3249 X,
566 3202 593 3255 p.
607 3190 649 3240 88.
659 3185 743 3255 Quem
759 3203 797 3249 se,
811 3204 875 3258 quoe
890 3190 949 3259 regi
960 3189 993 3241 ds
1014 3191 1123 3244 Graecia
1138 3193 1307 3263 opprimenda
1317 3197 1406 3268 pulli.

274 3267 337 3317 citus
348 3277 418 3330 esset,
430 3276 557 3336 proestare
568 3285 641 3336 posse
653 3266 805 3337 desperaret.
822 3264 921 3321 Alludit
935 3269 1019 3323 Cicer.
1031 3272 1066 3336 X,
1079 3270 1112 3324 td
1126 3273 1215 3328 Attice
1227 3270 1328 3338 λδλιλος
1337 3276 1409 3331 seri·

274 3355 336 3417 ptor
358 3345 426 3417 apud
452 3344 628 3414 Aristophanis
647 3346 861 3419 Explsnstoreru:
883 3348 919 3402 Oi
934 3345 963 3403 di
980 3352 1056 3423 ponis
1065 3393 1075 3418 ,
1095 3351 1137 3408 ὅτι
1149 3353 1301 3416 σννιιδῶςό
1319 3362 1410 3428 Orga.

275 3428 381 3493 ςοκλῆς,
394 3427 433 3482 ὅτι
447 3428 500 3502 οὐχ
512 3424 563 3491 οἶος
576 3447 604 3484 rs
618 3422 650 3487 sis
664 3421 857 3507 διαπράξασθαί
870 3436 905 3503 τῷ
920 3431 1030 3502 perstet,
1042 3431 1109 3505 ὅπερ
1124 3436 1307 3506 ingyrum,
1319 3438 1409 3508 sung

275 3510 318 3565 irr's
334 3511 381 3569 τήν
400 3514 444 3566 τοῦ
458 3511 569 3566 θανάτου
582 3513 678 3588 αἰρεσιν
695 3512 858 3588 παρεγένετο.
868 3515 1021 3570 Godlsurdus.
1035 3515 1185 3573 Plutarchus
1196 3527 1282 3568 temen
1297 3529 1327 3572 et
1339 3520 1409 3579 sliu

275 3592 351 3646 huius
368 3595 407 3646 rei
422 3612 509 3648 csusas
529 3598 621 3662 sffert5
644 3595 689 3665 qui
705 3595 789 3649 rideri
810 3596 838 3650 in
855 3596 1029 3652 Themistocle
1046 3607 1139 3669 potest.
1155 3596 1249 3648 Buohss.
1271 3597 1353 3656 Voss.
1375 3608 1409 3664 Β,

275 3674 418 3737 obtinenda,
431 3675 508 3728 Diod.
522 3675 634 3739 Siculus,
650 3674 696 3728 lib.
709 3677 756 3742 xl,
769 3694 827 3749 etp.
836 3681 880 3743 58,
895 3680 982 3743 refert,
996 3686 1111 3731 suctores
1124 3672 1261 3729 nonnullos
1275 3677 1389 3739 trudere
1393 3727 1407 3752 ,

273 3756 318 3811 ris
336 3756 434 3827 Ξέρξην
451 3757 646 3829 ἐπιθυμήσαντα
662 3758 740 3812 πάλιν
758 3760 893 3831 <persists
913 3748 955 3816 irrl
971 3761 1018 3817 τὴν
1034 3754 1157 3820 Ελλάδα,
1176 3754 1340 3830 παρακαλεῖν
1355 3767 1406 3822 τὸ.

275 3840 436 3909 ermenaldo
453 3845 596 3911 ςρατηγεῖν
614 3841 658 3895 s'rr's
683 3844 729 3894 τοῦ
746 3841 875 3913 πολέμου,
898 3841 942 3896 τὸν
955 3838 985 3896 di
1000 3839 1210 3910 συγχωρήσαντα
1222 3838 1282 3908 περὶ
1294 3844 1403 3902 τούτων

274 3922 357 3986 erices:
374 3921 459 3976 tutus
476 3921 611 3999 ἐνόρκους,
625 3923 660 3993 μή
679 3923 827 3994 <paredum
845 3924 888 3978 inl
904 3922 960 3983 τοὺς
982 3920 1096 3979 Elium
1117 3919 1178 3971 ἄνευ
1197 3923 1405 3996 erute-settene,

274 4002 456 4074 roupertum
467 3999 496 4057 di
508 4007 553 4058 τοῦ
569 4005 673 4081 ταύρου,
689 4007 734 4059 καὶ
747 4010 797 4059 τῶν
811 4001 894 4080 ὅρκων
907 4001 1057 4071 yssopum»,
1069 3999 1113 4053 τὸν
1126 4000 1286 4071 Θεμιςοκλλα
1300 4005 1405 4066 κύλικα

273 4088 320 4136 τοῦ
337 4084 445 4155 αἵματος
457 4084 631 4161 πληρώσαντα
648 4087 754 4149 ἐκπιεῖν,
768 4087 811 4139 seori
835 4085 1002 4155 παραχρῆμα
1019 4080 1179 4142 τελευτῆσαι.
1196 4085 1275 4136 Recte
1298 4089 1402 4143 aeuus.

273 4165 354 4219 sinsus
367 4169 483 4222 Dukerus
496 4169 528 4223 sd
544 4169 727 4240 Thucydidem
745 4168 791 4223 lib.
807 4169 828 4233 l,
846 4183 869 4218 c·
885 4168 942 4233 ⁴38,
965 4163 1012 4217 lin·
1028 4169 1071 4227 87.
1088 4184 1119 4218 ex
1141 4166 1190 4221 hoc
1206 4165 1317 4221 Diodori
1341 4169 1405 4228 Ιοω

274 4244 381 4317 colligit,
393 4249 460 4304 nihil
474 4269 537 4315 esse,
555 4250 623 4304 unde
635 4248 746 4319 intelligi
762 4248 850 4318 possit,
868 4262 928 4298 eum
943 4263 994 4317 pro
1012 4265 1076 4301 veru
1089 4246 1207 4307 hshuisse
1219 4248 1257 4322 id,
1273 4250 1348 4322 quod
1365 4253 1403 4311 de
