3352 5572
286 422 342 523 16
570 449 775 519 cunuauu
801 452 977 518 naeuus
1002 455 1104 514 vrrs

271 657 441 737 editione
456 653 631 733 Andreae
656 655 813 735 Schotti.
846 653 1085 739 Nonalubito
1107 654 1282 748 interim,
1299 659 1398 761 quin

271 776 459 883 pleraque
484 801 533 893 px
560 776 708 880 Nepote
735 776 870 853 Victor
895 774 1156 879 desumpserit
1174 773 1271 849 Nam
1286 774 1396 877 quod

271 892 488 971 Ludovictts
504 893 621 969 Vives
646 890 714 969 lib.
730 893 766 965 V
785 891 835 967 de
854 889 1048 969 tradendis
1073 887 1294 995 disciplinis,
1320 892 1398 968 Ne·

269 1026 417 1116 potem,
446 1009 518 1102 ait,
547 1008 597 1085 de
613 1010 769 1086 Graecis
792 1005 916 1085 solum
935 1005 1098 1085 ducibus
1117 1009 1333 1113 scripsisse,
1358 1005 1400 1082 id

269 1131 358 1207 satis
374 1126 567 1204 refellitur
585 1125 709 1203 verbis
731 1127 889 1231 Nepotis
906 1142 1016 1203 antea
1033 1122 1220 1203 adductis.
1240 1125 1312 1201 Vir
1327 1123 1397 1202 do·

269 1248 467 1336 missimus,
483 1247 538 1320 lu.
555 1245 677 1321 Maria
695 1244 918 1338 Catenaeus,
937 1245 1212 1323 commentario
1226 1242 1269 1319 in
1284 1240 1399 1319 Plinii

270 1361 414 1441 librum
431 1362 500 1454 lV,
516 1363 625 1469 epist.
653 1365 728 1460 28,
755 1390 854 1469 quae
889 1360 940 1439 ad
964 1361 1146 1440 Severum
1161 1363 1303 1469 scripta
1321 1377 1399 1453 est,

269 1481 383 1557 etiam
400 1480 577 1556 Daretem
600 1479 813 1583 Phrygium
837 1509 860 1555 a
879 1482 1027 1586 Nepote
1053 1477 1279 1561 translatum
1296 1476 1398 1555 arbi·

272 1613 408 1674 tratur.
424 1598 568 1702 Nempe
582 1594 735 1701 decepit
747 1623 835 1673 eum
847 1597 1013 1702 vulgaris
1032 1596 1206 1703 ἐπιγραφή.
1221 1596 1400 1673 Attamen

271 1732 311 1792 et
331 1714 396 1789 hic
413 1743 515 1818 aqua
532 1712 664 1789 haeret
681 1712 831 1805 timeto,
849 1718 951 1792 notis
968 1720 1011 1792 in
1029 1717 1171 1793 Auson.
1188 1711 1302 1819 ldyll,
1318 1715 1402 1788 vn.

271 1834 394 1937 Negat
412 1858 512 1923 esse,
538 1833 606 1936 qui
633 1829 727 1907 certi
744 1830 891 1932 aliquid
908 1831 957 1908 de
983 1832 1187 1911 tralatione
1213 1832 1285 1908 hnc
1302 1833 1402 1907 ausit

273 1952 471 2027 affirmare.
496 1950 615 2051 Atqui
634 1974 778 2040 omnes,
796 1948 934 2048 quibus
949 1948 1071 2026 ullum
1088 1953 1130 2027 in
1149 1950 1251 2026 hisce
1264 1947 1401 2026 litteris

271 2065 461 2143 iudicium
478 2083 547 2160 est,
565 2066 652 2142 satis
672 2064 816 2158 vident,
836 2093 907 2143 uec
919 2068 1098 2144 Daretem
1115 2065 1222 2145 illurn
1241 2093 1321 2144 esse
1338 2092 1402 2168 ge·

271 2187 455 2282 aninum,
485 2211 557 2261 nec
575 2183 782 2261 dictionem
803 2170 884 2261 eius
903 2189 1131 2291 Augusteum
1148 2213 1280 2290 sapere
1299 2201 1400 2263 aeta·

270 2319 360 2397 tem,
378 2302 447 2381 sed
458 2304 713 2381 recentiorem
731 2302 1064 2410 multu-Nepotem
1083 2321 1213 2382 autern
1232 2304 1400 2381 Caesaris

271 2421 430 2520 Augusti
447 2417 584 2497 obiisse
600 2445 708 2512 aevo,
723 2418 869 2496 Plinius
885 2438 1049 2498 testatur
1067 2418 1136 2497 lib.
1153 2422 1223 2513 lx,
1239 2446 1321 2528 cap.
1336 2419 1401 2519 39.

273 2533 400 2640 Atque
419 2535 496 2613 hoc
508 2534 669 2613 fortasse
685 2535 839 2642 impulit
856 2536 1159 2631 Genebrardum,
1175 2554 1221 2613 ut
1233 2551 1400 2642 putaret,
1462 2552 1465 2557 ·

272 2676 360 2726 eum
378 2669 472 2729 nato
499 2653 576 2729 inm
592 2652 743 2730 Christo
765 2657 1007 2759 superstitem
1033 2654 1172 2733 fuisse:
1198 2657 1266 2759 qui
1289 2671 1328 2730 et
1343 2654 1400 2727 Ia·

274 2766 415 2845 cubum
444 2767 710 2862 Gualterium‚
740 2799 860 2875 quum
889 2777 1055 2878 primum
1081 2769 1231 2849 tabulas
1269 2768 1401 2845 ederet

273 2884 644 2989 chronographum,
674 2890 716 2962 in
746 2913 829 2963 eam
855 2892 1078 2966 sententiam
1096 2887 1292 2994 pertraxit.
1324 2881 1400 2961 Sed

254 3002 461 3106 ‘Nepotem
478 3028 524 3080 eo
543 3029 667 3107 usque
683 3020 843 3081 aetatem
862 3032 1107 3111 prorogasse,
1125 3031 1238 3081 nemo
1259 3021 1400 3078 temere

274 3118 428 3214 dixerit,
447 3123 515 3224 qui
540 3126 636 3199 tanti
655 3149 742 3199 eum
768 3126 810 3200 in
828 3123 965 3202 litteris
986 3126 1151 3203 nominis
1168 3125 1243 3198 iam
1260 3119 1401 3211 Tullii,

275 3240 401 3333 attici,
418 3240 555 3318 Catulli
577 3243 819 3345 temporibus,
832 3242 947 3323 fuisse
965 3244 1152 3347 cogitarit.
