3352 5572
281 421 348 561 34
622 460 1086 533 nonrrrnrrssaarr

276 664 404 767 modi,
417 666 550 777 'qrreliu
575 668 622 751 tle
645 669 778 752 Indiae
808 665 1045 751 mirabilibus
1069 666 1132 751 rel
1158 671 1411 771 commentati¹

277 790 340 871 vel
364 790 569 869 commenti
602 786 693 869 olim
718 806 806 869 sunt
829 792 1110 882 Onoesicritus',
1144 784 1402 896 orthogona,

277 923 316 988 et
341 908 400 985 ulii
417 932 547 987 rerum
572 924 763 1013 gesturum
788 908 994 989 Alexandri
1020 910 1250 1014 scriptores}
1277 924 1402 986 tamen

275 1026 377 1103 hauc
393 1025 601 1134 Epistolum
617 1028 666 1104 ab
678 1027 895 1107 Alexandro
912 1028 1112 1135 scripturn,
1129 1025 1192 1104 vel
1217 1028 1402 1137 aNepcts

275 1170 440 1240 versam,
465 1148 619 1226 minime
634 1148 724 1225 mihi
742 1148 967 1256 persuadeo.
1070 1136 1081 1145 ”

554 1383 687 1462 Plures
716 1382 881 1462 comeo
904 1337 1114 1489 scriptores.

324 1619 462 1694 Petrus
497 1617 668 1695 Nunnius
703 1615 965 1697 Alcmurianns
1000 1614 1144 1695 librum
1170 1616 1400 1724 singularem

275 1732 325 1808 da
359 1734 469 1809 claris
503 1733 688 1812 Corneliis
722 1737 873 1841 scripsit
914 1734 960 1809 ad
986 1734 1206 1811 Cornelium
1232 1735 1397 1813 Musinm

272 1851 496 1956 Delphium,
522 1878 689 1956 eumque
715 1878 804 1931 suae
822 1852 1043 1958 praeclarae
1060 1854 1215 1957 Nepotis
1234 1851 1395 1930 editioni

271 1968 432 2046 inseruit
457 1970 500 2044 A.
532 1970 723 2046 schottus.
758 1973 804 2046 In
829 1969 897 2045 illo
923 1967 1025 2047 libro
1053 1977 1170 2075 caput
1202 1972 1238 2042 V
1266 1984 1323 2047 est
1349 1969 1399 2045 dc

270 2082 453 2162 Corneliis
479 2087 740 2191 scriptoribus.
766 2088 865 2163 Sunt
892 2096 1019 2164 autern
1040 2102 1195 2193 praeter
1213 2089 1400 2189 Nepotem

271 2216 444 2278 nostrum
471 2203 531 2279 hi:
558 2204 758 2282 Cornelius
776 2204 930 2298 Gallus,
957 2212 995 2280 et
1008 2202 1206 2280 Cornelius
1225 2206 1394 2297 Tacitus,

272 2316 471 2394 Cornelius
496 2315 633 2397 Cultus
659 2337 812 2411 orator,
845 2338 883 2396 et
909 2319 1111 2397 Cornelius
1137 2324 1320 2412 Severus,
1355 2342 1399 2394 ac

271 2434 469 2512 Cornelius
496 2436 666 2513 Licinius
693 2436 852 2530 Calvus,
879 2454 1024 2538 poetae.
1051 2436 1117 2514 His
1135 2434 1223 2513 addi
1242 2452 1401 2544 possunt

271 2537 352 2623 riou
377 2550 576 2655 pauciores
602 2550 688 2647 alii,
715 2571 758 2628 ut
775 2552 977 2630 Cornelius
995 2553 1190 2644 Thuscus,
1218 2578 1332 2655 quem
1359 2556 1400 2626 in

272 2664 456 2744 suasoriis
496 2669 643 2747 deridet
683 2670 847 2763 Senecu3
883 2666 1085 2748 Cornelius
1109 2669 1272 2774 Alpinus
1298 2666 1401 2773 apud

272 2780 418 2878 Horat,
438 2810 555 2890 quem
581 2814 672 2865 cum
698 2788 808 2864 Gallo
836 2787 1081 2864 confundunt
1097 2786 1288 2877 nonnulli3
1306 2788 1400 2860 Cor-

272 2900 397 2978 nelius
432 2904 686 3008 Capitolinus,
725 2904 906 2982 laudatus
941 2903 1136 2983 Trebellio
1170 2902 1334 2981 Pollioni
1360 2903 1401 2976 in

272 3018 465 3115 Odenut03
486 3025 528 3099 L.
546 3022 745 3100 Cornelius
765 3022 872 3100 Sullu
889 3023 1074 3111 dictator,
1103 3026 1263 3127 eiusque
1280 3020 1399 3095 liber-

272 3151 333 3213 tus
358 3138 558 3216 Cornelius
584 3134 786 3243 Epicadus,
814 3142 881 3245 qni
910 3140 1060 3234 librum,
1086 3167 1200 3246 quem
1221 3138 1269 3216 de
1289 3138 1400 3244 gestis

271 3256 348 3329 suis
381 3271 565 3360 patronus
592 3261 817 3363 scripserat,
843 3257 1055 3364 supplevit,
1084 3274 1177 3334 teste
1204 3256 1400 3333 Suetonio·

270 3374 368 3450 vide
392 3378 441 3453 sis
466 3378 713 3454 Vossiumde
739 3377 834 3452 Hist.
861 3374 1004 3468 latinis,
1024 3375 1128 3481 apud
1145 3403 1262 3483 quem
1280 3374 1398 3451 habes

270 3492 385 3568 etiarn
420 3493 469 3569 de
502 3491 682 3571 Cornelio
717 3492 867 3569 Boccho
894 3509 932 3567 et
967 3488 1145 3570 Cornelio
1170 3489 1399 3587 Valeriano,

271 3635 366 3714 quos
392 3610 530 3716 allegat
556 3610 715 3687 Plinius.
742 3612 803 3685 Ex
821 3608 1038 3685 Corneliani
1058 3607 1160 3684 libro
1179 3610 1399 3685 contraBe·

270 3729 439 3804 ronicem
456 3726 646 3807 nonnulla
667 3726 777 3802 affert
796 3725 1002 3816 Stobueus,
1021 3752 1196 3802 sermone
1214 3728 1279 3802 IV.
1295 3726 1396 3801 Alios

271 3842 461 3919 Cornelios
494 3861 651 3949 praeter
676 3842 876 3919 Nunnium·
893 3840 1028 3919 retulit
1052 3844 1106 3920 Io.
1135 3841 1396 3946 Glaudorpius

270 3958 314 4033 in
338 3961 580 4040 Onomastico
607 3962 798 4054 Romano,
825 3965 949 4061 etqui
977 3959 1026 4037 de
1053 3957 1203 4037 lanuliis
1219 3960 1398 4036 Romanis

259 4077 505 4183 'scripserunt
528 4080 717 4156 Antonius
733 4079 989 4183 Augustinus,
1008 4078 1115 4155 Rich.
1143 4078 1341 4170 Streinius,
1357 4084 1396 4155 el

270 4193 345 4271 alii.
373 4197 475 4273 Adde
501 4197 549 4272 sis
590 4198 636 4275 T.
662 4196 882 4274 Cornelium
915 4199 1101 4303 Nepotem
1126 4196 1394 4292 architectum,

269 4316 380 4398 cuius
404 4314 693 4420 Moucgramma
710 4338 759 4395 ex
773 4312 916 4423 templo
933 4317 971 4401 S.
986 4314 1119 4398 Vitalis
1136 4314 1394 4398 harenucusis
