3352 5572
152 432 216 533 ts
603 456 833 532 urumtoss

194 667 261 747 ΙΙΙ.
286 662 433 749 Eisdem
463 669 717 777 temporibus,
742 669 939 745 Persarum
969 662 1222 758 meliarina,
1256 680 1277 739 c

148 814 193 864 ex
209 790 294 866 Asia
311 792 351 863 in
370 792 563 895 Europam
583 790 750 864 exercitu
771 789 950 879 traiecto,
968 792 983 840 ²
1004 786 1157 890 Scythis
1187 785 1267 861 bel·

143 903 224 980 lune
250 904 391 982 inferre
417 904 597 983 decrevit.
624 909 782 979 Pontem
802 903 891 979 fecit
911 903 950 977 in
968 905 1068 978 Istro
1088 900 1267 996 flumine,

147 1046 221 1125 qua
234 1025 362 1126 copias
383 1022 620 1098 traduceret:
641 1025 720 1096 eius
737 1022 886 1123 pontis,
903 1018 997 1094 dum
1013 1021 1091 1120 ipse
1109 1020 1265 1112 abesset,

145 1137 319 1213 custodes
338 1141 353 1191 ³
373 1136 527 1239 reliquit
546 1141 759 1243 principes,
779 1142 793 1185 ⁴
815 1162 913 1238 quos
945 1160 1073 1210 secum
1092 1159 1140 1210 ex
1159 1135 1267 1210 Ionia

146 1272 184 1331 et
201 1253 348 1331 AEolide
373 1250 553 1346 duxerat3
582 1258 721 1359 quibus
747 1253 905 1357 singuiis
925 1255 1092 1359 ipsarum
1112 1240 1268 1330 urbium

145 1389 331 1478 perpetua
349 1370 508 1447 dederat
525 1374 693 1476 imperio.
710 1373 773 1446 Sic
794 1373 894 1446 enim
912 1373 1072 1473 putavit,
1087 1369 1269 1447 facillime

144 1516 184 1565 se
209 1514 345 1592 graece
368 1488 496 1593 lingua
524 1486 747 1590 loquentes,¹
773 1491 839 1590 qui
868 1487 991 1562 Asiam
1010 1493 1025 1541 ⁵
1042 1487 1270 1579 incolerent,

143 1602 214 1680 snb
240 1629 308 1679 sua
333 1621 577 1681 retenturum
600 1621 804 1707 potestate,
830 1607 859 1677 si
880 1606 1008 1679 amicis
1026 1604 1103 1679 suis
1129 1603 1268 1710 oppida

146 1721 286 1799 tuenda
304 1722 538 1812 tradidisset,
565 1723 728 1824 quibus,
756 1747 795 1797 se
815 1746 1020 1828 oppresso,
1047 1720 1156 1797 nulla
1183 1746 1276 1825 spes

64 1902 77 1929 ,
144 1836 274 1915 salutis
294 1839 592 1943 relinqueretur.
614 1841 659 1913 In
679 1839 753 1914 hoc
775 1838 848 1912 fnit
877 1857 956 1912 tum
977 1844 1137 1914 ndmero
1169 1833 1262 1912 Mil·

146 1954 285 2047 tiades,
305 1959 367 2031 cui
386 1954 453 2031 iile
473 1954 649 2032 custodia
670 1955 905 2030 crederetur.
924 1957 1016 2044 Hic,
1041 1979 1162 2056 quom
1183 1979 1265 2028 cre·

143 2074 202 2149 bri
222 2073 404 2150 afferrent
421 2075 561 2170 nuntii,
584 2072 681 2149 male
701 2098 780 2150 rem
801 2098 934 2178 gerere
953 2079 968 2127 ⁶
985 2074 1154 2159 Darium,
1169 2098 1262 2176 pre·

178 2321 223 2389 (1)
239 2320 338 2376 orm
355 2320 491 2393 Hystaspis
511 2319 589 2390 flius,
601 2336 682 2393 quem

147 2403 240 2459 Esdrss
264 2415 289 2459 et
314 2405 389 2460 Phiio
410 2409 550 2462 &suerum
573 2417 682 2472 vount3

147 2489 245 2562 quippe
257 2491 296 2561 sui
307 2492 369 2560 equi
386 2491 500 2556 hinnitu,
517 2492 607 2546 occisis
621 2491 679 2544 Ma·

148 2574 187 2642 gis
209 2572 282 2642 regni
311 2574 446 2627 Persarum
473 2574 681 2644 usurpatoribus,

147 2675 191 2709 res
210 2655 305 2711 electus
316 2669 363 2711 est:
380 2660 448 2712 unde
457 2668 543 2726 postea
556 2659 584 2711 in
597 2657 682 2728 sigiiio

147 2740 278 2812 sculptum
310 2763 409 2816 equum
440 2743 560 2815 habuisse
593 2745 683 2799 fertur.

147 2824 279 2880 Adversus
294 2829 439 2900 butyrum,
460 2829 513 2900 vei,
535 2827 620 2881 otalii
635 2847 681 2879 vo·

145 2907 215 2977 lunt,
230 2910 412 2982 identityrurn‚
426 2911 584 2983 Scytharum
594 2929 682 2980 regern

147 2995 174 3048 in
187 2995 300 3064 Europa,
312 2993 410 3049 beilum
424 2998 515 3061 morit,
524 2996 595 3069 quod
609 3014 683 3049 suern

147 3076 229 3131 {iiiam
242 3077 289 3131 sibi
307 3097 413 3132 uxorem
430 3079 594 3150 denegasset,
620 3088 683 3132 teste

148 3164 247 3216 Iustino
260 3164 294 3226 11,
307 3169 332 3232 ⁵5
360 3162 400 3215 vei
422 3165 562 3217 secundum
586 3164 682 3219 Herod.

147 3250 192 3314 tt,
210 3258 231 3315 t,
248 3247 315 3318 quod
336 3248 447 3320 Scythae
465 3251 493 3303 in
513 3250 625 3306 Mediam
642 3240 679 3303 ir·'¹

146 3334 282 3407 saepiunt.

180 3466 223 3538 (2)
241 3466 364 3522 Beer-citu
381 3473 494 3524 vaiecra.
508 3469 557 3522 Per
569 3467 680 3524 Thraei-

147 3570 206 3608 cum
218 3555 387 3626 Bosphorum,
404 3573 481 3626 quern
501 3564 578 3623 ponte
592 3555 683 3608 iunxit.

148 3638 321 3711 Septingentis
333 3634 470 3693 hominum
486 3639 602 3693 millibus
619 3659 682 3693 eon·

148 3726 228 3777 stabat
237 3724 487 3780 hicesercitusdust.
503 3727 536 3789 ii,
549 3730 574 3792 5,·
587 3723 683 3779 Herod.

148 3806 194 3864 IV.
208 3813 250 3872 ⁸73
262 3806 413 3874 Diodor.li,
432 3810 457 3874 5,
468 3808 632 3876 octingentis.
649 3839 683 3852 -

148 3884 326 3953 dorthinNon
337 3895 463 3960 Asiaticis,
474 3895 517 3948 sed
532 3895 683 3967 Europaeis,

149 3976 194 4047 qui
210 3976 322 4030 Tanaim
336 3979 403 4033 inter
415 3991 440 4034 et
456 3982 580 4036 iaxartem
594 4000 683 4036 amnes

148 4061 192 4117 siti
207 4070 290 4116 erant.

146 4234 152 4247 1
184 4180 227 4247 (3)
242 4172 371 4234 Gaudes.
390 4181 493 4237 Etenim
512 4199 564 4238 non
582 4169 683 4240 tanturn

148 4261 183 4328 eti
207 4263 361 4331 tra-sitem,
377 4267 424 4320 sed
449 4278 476 4324 et
501 4269 533 4324 ed
550 4288 683 4326 recursum

150 4348 220 4405 hunc
236 4360 340 4426 pontem
353 4353 456 4409 fecerat.

766 2322 811 2389 (t)
836 2321 974 2392 Priu'pes.
1010 2319 1149 2375 Patauio
1176 2316 1266 2385 dees,

734 2427 799 2480 quos
815 2408 884 2460 hisce
901 2406 1007 2460 urbibus
1020 2407 1184 2476 praefecerat.

768 2493 809 2558 (5)
827 2491 927 2542 Asiam.
940 2488 1070 2542 Minorem
1084 2487 1224 2540 scilicet·
1232 2485 1268 2538 Se

734 2594 858 2644 oppresso.
883 2576 912 2626 Si
938 2574 1047 2644 ipsemet
1063 2572 1155 2625 Durius
1176 2572 1266 2642 oppri-

734 2668 858 2713 meretur.
885 2687 917 2701 -·
945 2659 1000 2714 cu.
1028 2658 1103 2712 Beier
1126 2657 1158 2709 ad
1177 2673 1269 2710 eorum
1302 2684 1309 2696 ·

734 2763 867 2809 immorans,
879 2744 973 2815 quibus
989 2743 1090 2799 scilicet
1108 2760 1169 2796 cura
1182 2743 1269 2812 pontis

735 2829 824 2882 tuendi
835 2831 1054 2884 committeretur.
1199 2827 1202 2833 ’

768 2915 810 2984 (6)
824 2915 898 2968 Male
911 2933 963 2967 reses
976 2933 1072 2985 gerere.
1101 2912 1147 2967 vti
1164 2910 1269 2966 sdtetsa

734 2999 847 3051 fortuna.
859 3001 894 3051 lta
907 3000 974 3051 mole
982 3016 1104 3068 pugnare,
1112 3015 1159 3067 pro
1167 2994 1269 3068 cladem

734 3083 858 3153 accipere,
874 3081 997 3135 adhibere
1014 3081 1079 3134 uniet
1091 3079 1269 3145 Suttuensis.

735 3172 791 3237 ing.
811 3168 878 3229 Ltv,
903 3169 957 3230 Cli,
974 3167 1056 3219 CXIV
1069 3175 1095 3218 et
1118 3168 1222 3235 passim.
1234 3193 1271 3207 -··

734 3253 858 3307 lionam
871 3264 917 3306 ers.
950 3251 1088 3320 Hociproe
1100 3247 1210 3319 Scythas
1226 3248 1271 3301 te·
1324 3244 1336 3262 ⁸

734 3339 819 3400 cisse,
835 3334 1031 3404 Miltiademque
1054 3332 1161 3386 euassse
1178 3341 1205 3385 et
1221 3349 1267 3400 ap·

735 3422 856 3492 probesse
887 3427 1073 3473 commemorat
1098 3414 1195 3468 ttemd.
1223 3417 1269 3481 lV,

736 3513 794 3560 137.
810 3534 841 3547 ·-
860 3504 990 3558 Graeciae.
1011 3502 1136 3557 Asiaticae
1158 3501 1213 3555 scil.
1237 3530 1269 3543 -

736 3591 970 3662 Tramportuverat.
996 3591 1098 3662 Nempe
1121 3587 1189 3641 uites
1213 3585 1270 3640 latri

735 3688 853 3748 pontem.
867 3703 898 3718 ·-
914 3674 1006 3728 ῶνα·
1016 3692 1112 3745 genere.
1127 3673 1178 3742 Qui
1190 3688 1270 3742 genus

735 3759 842 3831 quidem
859 3781 873 3815 e
889 3759 1000 3815 Graecia
1030 3759 1169 3822 ducerent,
1189 3756 1271 3810 durno

734 3858 823 3902 umen
837 3855 864 3899 et
882 3846 961 3915 patria
974 3843 1128 3897 barbast-
1144 3842 1272 3896 Domine·

734 3933 803 3985 tione
809 3931 955 4000 etperioeio.
962 3927 1114 3999 Tyraneide
1125 3924 1270 3997 periculum

734 4014 839 4068 Graecis
856 4013 976 4066 feriente.
998 4014 1082 4063 Teeta
1094 4012 1166 4063 enim
1178 4010 1270 4085 Pern-

737 4115 797 4152 rum
812 4094 946 4149 crudeliter
957 4096 984 4150 iu
1002 4094 1114 4150 desistas
1124 4104 1224 4164 pentes,
1241 4099 1271 4143 ut

735 4187 800 4254 ipsas
818 4183 895 4235 variis
920 4180 1105 4253 suppliciorum
1131 4183 1268 4254 generibus

734 4267 917 4335 emuciesent,
926 4282 974 4319 nec
985 4268 1103 4335 quietern
1115 4265 1197 4319 eiiam
1206 4267 1270 4335 ipsis

733 4349 913 4408 concederent.
931 4347 1102 4407 Vidsiiersd.
1112 4344 1147 4404 de
1163 4349 1270 4422 Zopyro
