3352 5572
750 464 926 528 ruricus
1296 431 1389 563 319

279 690 455 777 utsupra
473 668 568 747 nihil
593 685 719 775 posset
737 668 837 746 addi.
864 666 1012 765 Quibus
1037 666 1148 744 rebus
1165 666 1306 744 factum
1325 685 1393 762 est,

281 808 325 865 ut
343 789 449 866 Sulla
464 814 649 888 nusquam
669 812 755 863 eum
767 787 815 862 ab
832 814 872 864 se
891 791 906 840 ⁵
923 785 1140 882 dimitteret,
1157 804 1393 891 cuperetque

282 931 411 984 secum
438 901 639 979 deducere.
667 904 741 997 Qui
766 907 920 1004 ⁶quum
951 902 1178 1005 persuadere
1209 918 1394 978 tentaret:

280 1056 307 1092 t<
322 1018 422 1111 Noli,
440 1048 512 1098 oro
532 1037 582 1123 te,
598 1021 726 1122 inquit
743 1020 994 1123 Pomponius,
1025 1017 1226 1096 adversum
1245 1047 1310 1097 eos
1335 1046 1394 1096 me

279 1134 381 1212 velle
399 1134 553 1231 ducere,
571 1162 660 1211 eum
677 1133 818 1237 quibus
843 1160 892 1209 ne
912 1151 1046 1210 eontra
1066 1150 1104 1210 te
1123 1163 1226 1210 arma
1242 1134 1394 1226 ferrem,

277 1250 425 1327 Italiam
443 1249 584 1355 reliqui
596 1283 635 1324 ».
654 1251 704 1325 At
724 1247 853 1343 Sulla,
873 1248 1124 1328 adolescentis
1141 1253 1263 1328 officio
1281 1256 1295 1305 ⁷
1313 1250 1397 1328 eol·

277 1365 587 1459 laudato,omnia
612 1392 774 1443 munera
790 1369 840 1457 ei,
865 1393 967 1469 quae
991 1365 1150 1444 Athenis
1178 1385 1395 1472 occeperat,

277 1482 524 1587 proficiscens
540 1485 649 1561 iussit
672 1481 828 1558 deferri.
845 1483 915 1557 Hie
935 1485 1147 1589 complures
1163 1510 1283 1559 annos
1301 1497 1390 1561 n'ro·

280 1615 397 1690 ratus,
408 1626 526 1699 quum
537 1618 576 1675 et
591 1602 646 1674 rei
657 1596 985 1674 familias-immun
999 1624 1137 1703 operae
1149 1599 1394 1704 daret,quan·

278 1732 363 1790 turn
380 1743 460 1790 uou
473 1715 677 1818 indiligens
695 1714 854 1791 deberet
871 1730 984 1817 pater
1005 1713 1185 1804 familiam
1210 1732 1249 1791 et
1266 1720 1395 1794 omnia

279 1827 431 1935 reliqua
449 1836 623 1936 tempora
638 1834 707 1906 'ant
724 1829 875 1918 litteris,
886 1846 955 1905 aut
969 1830 1256 1906 Atheniensium
1271 1837 1395 1940 reipu-

278 1945 400 2023 blieae
425 1947 641 2034 tribueret3
665 1945 911 2022 nihilominus
939 1947 1065 2022 amicis
1091 1947 1240 2021 urbana
1269 1948 1395 2024 officia

278 2064 476 2168 praestitit.
494 2066 588 2138 Num
605 2080 644 2138 et
663 2064 709 2137 ad
726 2064 878 2137 comitia
894 2065 910 2114 ⁸
927 2089 1059 2137 eorum
1078 2065 1276 2138 ventitavit
1291 2091 1301 2152 ς
1334 2082 1394 2152 et,

279 2181 406 2282 siqua
424 2204 484 2254 res
502 2181 622 2255 maior
639 2193 720 2252 aeta
737 2180 815 2269 est,
839 2204 918 2252 non
937 2176 1068 2252 defuit.
1088 2179 1194 2254 Sicut
1220 2180 1393 2254 Ciceroni

276 2295 319 2367 in
344 2295 518 2369 omnibus
536 2295 617 2370 eius
635 2280 824 2396 perieulis
834 2291 1063 2396 singularem
1079 2292 1192 2369 fidem
1204 2294 1393 2398 praebuit:

277 2409 341 2484 eui
361 2437 409 2485 ex
422 2412 554 2516 ‚patria
583 2409 746 2513 fugienti
763 2412 1008 2487 ⁹.sestertium
1036 2409 1199 2485 ducenta
1219 2425 1258 2484 et
1283 2413 1393 2510 quiu-

276 2530 456 2631 quaginta
482 2527 599 2603 millia
620 2526 784 2605 donavit.
811 2525 1087 2632 Tranquillatis
1119 2544 1245 2602 autem
1277 2528 1392 2604 rebus

274 2646 467 2737 Romanis,
481 2649 513 2697 ⁴⁰
531 2646 748 2747 remigravit
765 2647 944 2736 Romam,
973 2659 1018 2719 ut
1034 2645 1186 2748 opinor,
1211 2644 1254 2721 L.
1282 2644 1394 2721 Cotta

275 2778 314 2834 et
328 2761 370 2835 L.
398 2762 596 2861 Torquato
612 2761 726 2850 Coss.;
749 2787 861 2862 quem
879 2756 979 2835 diem
999 2760 1052 2836 sic
1078 2760 1252 2836 universa
1262 2758 1392 2835 civitas

272 2964 321 3020 bns
335 2965 405 3020 reeir
417 2966 542 3021 suavitate
556 2966 684 3019 maiorem
699 2967 809 3038 gratiam
860 2983 950 3020 eorum
961 2982 1067 3020 suorum
1082 2962 1250 3037 dignitatibus
1261 2963 1393 3038 sgebrtnr·
1414 2983 1417 2991 ·

273 3048 403 3103 afferebat.
857 3069 939 3123 quum
950 3047 1057 3104 illorum
1068 3050 1225 3122 petitionem
1238 3049 1389 3104 auctoritate

305 3133 348 3200 (5)
361 3127 493 3202 Nusqum
508 3150 564 3185 eum
579 3131 612 3183 ab
624 3151 652 3184 se
663 3131 806 3185 dimitteret.
861 3146 888 3190 et
904 3136 1025 3207 suffugio
1038 3135 1126 3190 invare
1143 3144 1238 3206 posset.

272 3212 334 3267 Eius
350 3213 533 3268 consuetudine
549 3213 648 3267 assidue
666 3213 805 3267 frueretur.
889 3221 932 3288 (9)
946 3219 1073 3290 Fugimti.
1084 3219 1186 3290 Nempe
1202 3226 1260 3272 aute
1274 3215 1393 3279 exilium,

272 3296 717 3361 -Seewudeduesresibiltineris
729 3298 807 3351 eoml-
857 3298 949 3356 Clodio
970 3311 1072 3356 sumere
1088 3301 1230 3366 decretum,
1253 3305 1393 3354 secesserat

273 3389 328 3433 tem
342 3380 491 3438 adsciscere.
857 3385 983 3450 Athenas,
998 3405 1088 3455 quum,
1101 3385 1272 3455 Chrysogono
1285 3382 1313 3435 in
1329 3399 1391 3436 ors·

307 3467 351 3533 (6)
364 3465 422 3535 Qui.
438 3465 571 3523 Immerito
584 3464 663 3531 docti,
679 3464 807 3519 Lsmbino
858 3469 930 3524 tione
947 3488 994 3541 pro
1010 3468 1101 3522 Roscio
1126 3469 1253 3520 Amerino
1276 3467 1393 3531 offenso,

272 3545 350 3611 duee,
367 3548 395 3601 in
412 3554 452 3602 eui
471 3559 647 3605 nutrierunt.
667 3549 734 3620 Qui,
754 3558 807 3603 ete.
856 3554 946 3626 Syllae
959 3555 1026 3608 iram
1043 3563 1178 3606 metueret.
1187 3550 1391 3605 Tse-Sester-

273 3629 302 3683 ld
316 3631 541 3704 est,rprumsylln
557 3633 711 3705 persuadere
727 3641 808 3687 tentr-
856 3643 919 3690 tium
932 3638 1046 3691 ducenta.
1056 3635 1116 3689 virt.
1126 3634 1248 3690 eumdem
1261 3637 1294 3688 V.
1307 3634 1393 3688 ner-
1444 3658 1448 3667 ·

273 3722 325 3779 ret,
331 3723 360 3768 ut
366 3733 454 3769 wenni
461 3716 766 3787 proficisceretur.-Oro
773 3730 806 3773 te.
857 3734 956 3784 tronus,
968 3738 1046 3791 opere
1059 3718 1171 3773 laudato.

273 3799 459 3872 interponitur,
476 3811 615 3873 utquaeso,
631 3804 728 3856 amab.
743 3806 805 3856 Τις.
893 3806 953 3871 (10)
967 3803 1152 3872 Tranquillutis
1165 3814 1249 3855 mrtem
1264 3801 1333 3854 reim
1340 3798 1391 3851 lto·

274 3881 420 3939 -Nuli....
430 3885 507 3939 nelle.
520 3888 570 3939 Pro
582 3887 647 3951 noli,
663 3887 710 3941 sed
722 3885 806 3939 multo
860 3894 947 3942 munis.
960 3888 1056 3960 Sopitis
1066 3886 1132 3940 odiis
1141 3885 1305 3940 civilibus.-
1313 3885 1394 3956 Quem

274 3964 394 4021 validius.
858 3971 937 4036 diem,
947 3979 996 4038 ete,
1005 3970 1121 4023 Atticum
1132 3968 1308 4024 discedentem
1321 3977 1393 4021 tanto

307 4052 351 4119 (7)
363 4050 466 4122 Officio.
481 4053 585 4108 Virtute
595 4054 695 4108 scilicet
708 4063 735 4108 et
745 4052 808 4108 ude·
857 4054 984 4109 nimirum
998 4054 1089 4108 nd'eetu
1103 4063 1238 4127 prosecuta
1252 4063 1290 4107 est
1308 4053 1393 4107 Athe·

276 4129 348 4184 litate
361 4134 388 4186 in
403 4136 500 4188 amieos
513 4145 540 4188 et
552 4137 642 4194 cives..
860 4139 989 4192 niensium
1005 4138 1114 4202 civius,
1130 4148 1159 4192 ut
1175 4137 1298 4210 lacrymis
1315 4137 1390 4190 dolo·

311 4217 355 4281 (8)
369 4218 414 4269 Ad
430 4221 532 4271 remitis
551 4239 644 4276 eorum.
663 4221 690 4274 ld
704 4230 758 4287 est,
776 4220 809 4275 sd
859 4240 915 4275 rem
929 4239 961 4273 es
984 4219 1110 4279 desiderio
1132 4223 1219 4277 futuro
1239 4229 1391 4292 conceptum
1480 4219 1487 4232 '

273 4297 382 4353 mmitis
390 4303 544 4395 ventitelsst,
553 4307 582 4360 in
594 4305 687 4376 quibus
699 4306 733 4360 de
745 4309 809 4360 emi·
860 4304 995 4360 indiceret.
