3352 5572
554 455 778 519 ururcoan
953 500 955 507 .
1133 430 1226 527 281

121 668 320 761 ubiaffuit,
333 685 528 764 nunquam
542 662 642 738 hosti
655 661 776 753 cessit,
787 680 910 764 neque
929 663 1057 742 locum
1074 666 1239 744 nocendi

120 786 249 882 dedit3
262 794 448 890 saep'eque
475 777 680 868 contrmio,
706 780 901 858 occasione
920 779 1018 881 data,
1041 781 1238 884 lacessivit,

120 928 342 1009 semperque
357 898 532 1005 superior
558 893 747 971 discessit:
774 924 852 998 quo
871 898 985 993 facto,
999 926 1237 1008 quumpcne

119 1022 245 1100 omnia
272 1020 313 1094 in
325 1013 450 1093 Sicilia
476 1013 595 1089 Poeni
615 1013 835 1106 amisissent,
855 1013 920 1091 ille
937 1017 1098 1120 Erycem
1112 1017 1239 1095 sicde·

118 1137 294 1227 lendit,³
321 1148 365 1210 ut
389 1129 530 1208 bellum
564 1156 610 1209 eo
636 1129 723 1206 loco
755 1145 899 1234 gestum
925 1160 1004 1210 non
1030 1134 1236 1214 videretur.

86 1256 87 1263 ’
117 1255 275 1331 Interim
300 1247 637 1350 Carthaginienses,
658 1245 774 1324 classe
792 1251 894 1355 apud
920 1249 1059 1328 insulas
1076 1258 1233 1356 Aegates

120 1373 200 1447 aC.
217 1369 370 1445 Lutatio
395 1363 554 1440 consule
579 1367 833 1442 Romanorum
859 1373 1038 1474 superati,
1056 1377 1073 1435 4
1090 1384 1232 1446 statue·
1325 1380 1329 1387 '

118 1501 212 1563 runt
239 1481 330 1560 belli
348 1480 459 1557 finem
485 1482 625 1572 lacere,
646 1507 805 1585 eamque
826 1511 906 1559 rem
925 1485 1080 1562 arbitrio
1096 1487 1238 1590 permi-

120 1618 255 1683 serunt
270 1599 501 1676 Hamilcaris.
527 1598 596 1675 Ille
623 1602 691 1677 etsi
708 1600 892 1705 flagrabat
916 1601 1085 1679 bellandi
1097 1605 1239 1711 cupidi·

120 1734 208 1815 tate,
225 1734 351 1796 tamen
370 1719 454 1824 paci
471 1714 711 1794 serviendum
725 1724 872 1825 putavit
882 1748 893 1812 3
912 1724 927 1773 ⁵
945 1723 1048 1824 quod
1065 1724 1237 1826 patriam,

119 1837 338 1917 exhaustam
351 1831 575 1939 sumptibus,
594 1833 736 1912 diutius
754 1834 1002 1913 calamitatem
1028 1837 1119 1915 belli
1136 1837 1237 1916 ferro

27 1949 29 1954 ’
119 1979 199 2031 non
225 1979 335 2058 posse
361 1950 615 2055 intelligebat:
642 1950 707 2029 sed
734 1954 797 2044 ita,
815 1969 859 2028 ut
875 1957 997 2029 statim
1018 1954 1143 2030 mente
1157 1956 1236 2059 agi·
1289 2036 1294 2048 ,

120 2086 235 2159 taret,
252 2073 280 2144 si
307 2067 464 2174 paulum
481 2067 595 2146 modo
612 2093 673 2144 rer
692 2086 814 2146 essent
830 2069 1004 2168 refectae,
1017 2069 1160 2145 bellum
1173 2097 1237 2146 re-

121 2210 275 2282 novare,
284 2185 545 2290 Romanosque
554 2187 662 2261 armis
673 2185 1047 2291 persequi,donicum
1058 2203 1124 2263 aut
1134 2203 1236 2262 certe

120 2301 308 2396 vicissent,
317 2310 384 2379 aut
394 2304 482 2381 victi
492 2329 624 2380 manus
633 2300 833 2380 dedissent.
847 2305 929 2381 Hoc
939 2302 1097 2381 consilio
1107 2329 1237 2409 pacem

122 2417 351 2497 conciliavit:
365 2422 407 2498 in
420 2446 495 2525 qua
515 2423 531 2472 ⁶
549 2437 652 2503 tanta
671 2418 745 2496 fuit
763 2421 917 2514 ferocia,
931 2438 986 2514 ut,
997 2446 1113 2524 quum
1126 2423 1236 2498 Catu·

120 2639 172 2690 rior
190 2637 310 2692 discessit.
325 2637 387 2692 Eius
406 2635 492 2708 itaque
514 2636 564 2688 boe
584 2632 654 2689 bello
738 2638 781 2704 (5)
794 2635 863 2690 Paci
877 2639 1031 2691 serviendum
1051 2642 1156 2708 putavit.
1171 2640 1194 2692 1.
1210 2654 1234 2693 c.

119 2720 276 2794 singularem
300 2720 451 2776 industriam
474 2731 501 2775 ct
517 2721 649 2776 sortiturli·
703 2719 760 2793 paei
770 2719 904 2774 faciendae
915 2737 1020 2792 operam
1032 2718 1145 2773 dandam
1156 2728 1233 2792 puta·

118 2821 181 2856 nem
199 2821 258 2856 cum
275 2803 368 2857 eximia
384 2802 519 2874 prudentia
539 2802 650 2856 coniuo·
704 2805 751 2858 vit.
771 2803 870 2873 Quibus
887 2813 974 2858 autern
988 2801 1179 2857 conditionibus
1192 2803 1235 2858 ia-

119 2893 189 2938 ctam
209 2884 342 2957 praedicat
361 2885 492 2940 Diodorus
509 2886 607 2950 xxlv,
622 2884 651 2939 in
701 2896 742 2942 cta
756 2888 857 2958 fuerit,
871 2888 931 2944 vide
951 2888 1017 2959 apud
1040 2887 1188 2959 Polybium.
1201 2919 1234 2932 -

120 2973 246 3042 acceptia
262 2970 437 3024 Peircscianis.
701 2971 838 3037 Dorticum,
855 2971 954 3039 donec,-
970 2972 1089 3044 antique,
1101 2980 1130 3025 ut
1143 2970 1171 3025 in
1184 2973 1235 3025 Lu·
1256 3009 1262 3020 .

154 3058 197 3124 (3)
215 3055 330 3124 Erycem
345 3060 381 3110 sio
396 3055 520 3127 deferretis.
536 3055 596 3109 Non
618 3045 650 3110 alc
701 3056 782 3109 cretio
795 3055 830 3120 ll,
851 3061 925 3123 sset,
939 3055 1060 3110 ct'Plaut.
1072 3054 1161 3110 Aulul.
1179 3057 1237 3124 1,⁴,

119 3147 209 3192 moute
229 3139 330 3210 Eryce,
352 3157 397 3192 seu
421 3139 516 3193 vertice
538 3137 652 3205 montis,
703 3143 749 3191 46:
782 3139 831 3193 sSi
857 3139 984 3210 respuis,
1000 3137 1124 3192 donicum
1140 3156 1190 3210 ego
1207 3149 1233 3194 te

120 3222 156 3276 ait
166 3222 262 3290 Bosius,
270 3223 311 3278 cui
325 3223 454 3294 templum
460 3224 570 3277 Veneris
580 3226 650 3295 cry·
701 3223 800 3278 iussero
813 3243 835 3276 a.
846 3253 882 3267 -
892 3224 946 3278 Aut
957 3226 1020 3277 victi
1032 3241 1132 3277 morum
1143 3222 1235 3276 dedir-

120 3306 192 3360 clnae
217 3305 407 3361 inaedificatum
435 3316 508 3373 erat,
536 3306 653 3378 loquitur
701 3321 761 3361 sens
785 3305 893 3361 Loeufio
917 3327 931 3360 a
956 3306 1142 3376 gladiatoribus
1161 3304 1235 3360 victis

24 3384 29 3395 ’
120 3397 218 3462 noster,
234 3408 324 3464 queue
338 3389 491 3446 otradiccm
505 3392 601 3447 montis
613 3400 655 3445 te·
702 3389 788 3444 ducta.
804 3390 896 3445 Cicero
910 3389 937 3443 in
953 3388 1149 3452 Consolrtioue,
1167 3387 1253 3461 apud'

120 3472 357 3541 nebantliomsni3
373 3471 418 3528 sed
434 3473 466 3527 de
488 3473 567 3540 urbe,
584 3473 653 3547 inter
703 3474 874 3540 Lactantium,
890 3474 939 3545 111,
957 3480 1007 3529 28:
1034 3493 1045 3525 a
1054 3474 1160 3529 Victum
1174 3491 1234 3525 sea

120 3556 251 3629 bstigium
259 3569 286 3613 ct
295 3558 393 3613 radices
405 3560 653 3630 monsteuranni
703 3560 805 3615 lortuoa
817 3560 927 3631 turpiter
939 3564 1084 3612 confitetur.
1099 3555 1178 3618 Cedo.
1189 3556 1236 3612 in·

121 3644 252 3700 Hamilcar
267 3655 451 3718 occupaverat,
466 3655 541 3717 atque
558 3645 652 3700 adver·
704 3643 768 3716 quit,
779 3662 812 3698 en
825 3640 931 3698 fflnum
948 3641 1011 3698 tollo
1022 3662 1045 3695 a.
1061 3645 1099 3696 lta
1119 3638 1234 3706 Gallice,

120 3746 165 3783 rus
176 3733 305 3783 Romarm
315 3731 431 3802 undiquc
440 3738 589 3803 prementes
598 3739 652 3784 tue·
703 3731 799 3784 dormer
815 3730 852 3782 les
865 3730 956 3782 mains.

121 3813 204 3868 batur.
220 3814 290 3869 Vide
302 3813 389 3870 Polib.
403 3816 425 3880 1,
438 3820 480 3889 ⁵⁸5
499 3817 534 3883 11,
549 3823 575 3884 ⁷3
592 3814 651 3869 Dio·
738 3814 782 3881 (6)
799 3811 833 3866 lo
850 3831 910 3883 qaa.
922 3810 1008 3865 Scilie.
1021 3807 1190 3864 concilianda.
1200 3836 1234 3852 -

123 3897 216 3954 lorum
234 3900 328 3965 xxtv,
343 3903 369 3952 2.
704 3898 818 3951 Feraria
836 3897 961 3951 Animosa
976 3895 1056 3951 scilic.
1068 3894 1187 3949 clatione.
1201 3921 1235 3935 -

67 3986 69 3990 '
155 3985 198 4051 (4)
212 3980 654 4054 Serperatidllemorantbancvicto·
706 3981 817 4036 canta.
841 3983 874 4050 Q.
894 3982 978 4034 Latet.
999 3978 1121 4046 Catralus,
1144 3976 1233 4032 consol

124 4067 189 4120 riam
208 4065 348 4137 Polybius3
364 4067 472 4120 Orosius
489 4069 536 4134 lv,
552 4075 593 4137 tty
610 4068 656 4122 Li·
707 4075 839 4127 romanus,
851 4063 896 4134 qui
908 4063 1042 4118 victoriam
1053 4069 1237 4135 reportaverat.

124 4149 183 4203 vius
196 4153 309 4221 Epitom.
322 4152 394 4220 xlx,
407 4150 480 4206 Flos.
488 4154 523 4218 11,
533 4157 559 4222 ²5
569 4162 657 4207 auctor
705 4178 739 4188 -
748 4145 777 4200 Τ
773 4161 832 4200 auro
840 4149 1029 4220 flagitiosum
1039 4157 1109 4206 amu
1121 4147 1235 4216 infamia,

126 4228 159 4285 da
171 4234 239 4287 Viris
252 4233 346 4299 illust„
360 4233 483 4290 Valerius
494 4235 574 4306 blan,
585 4236 656 4293 Am·-
705 4232 875 4305 turpitudine.

126 4312 217 4386 pallus,
230 4317 355 4390 Ζοωω,
372 4325 422 4374 ste.
