3352 5572
995 830 1058 924 ιιι

824 1049 1227 1198 CONON

913 1361 1140 1398 -οο-ι

868 1586 1172 1645 ARGVMEN'I'VM

458 1729 521 1791 cir.
535 1734 558 1804 15
570 1728 758 1800 Peloponnesio
770 1725 840 1782 bello
852 1726 918 1781 bene
931 1726 964 1782 de
982 1726 1117 1799 republica
1134 1737 1250 1782 meretur
1265 1730 1366 1784 conum
1381 1736 1412 1771 -1
1425 1729 1459 1795 115
1473 1729 1585 1785 Afflictis

524 1812 623 1887 patriae
635 1810 720 1875 rebus,
733 1807 896 1865 Pharnabazo
909 1818 998 1863 contra
1005 1811 1143 1881 Spartanos
1154 1813 1209 1863 usui
1221 1808 1363 1879 suit-tlh
1375 1808 1591 1883 Tissaphernem

525 1906 702 1957 mutaturus,
727 1910 775 1963 per
791 1889 889 1945 litteras
912 1892 965 1962 ogit
986 1911 1045 1945 cum
1063 1893 1212 1947 Artaxerxe.
1232 1920 1261 1934 -
1279 1894 1327 1959 1115
1343 1895 1481 1964 Spartanos
1500 1893 1583 1946 vincit

522 1974 590 2049 apud
610 1974 735 2031 Cnidum.
754 1972 865 2049 'Graecia
883 1971 1005 2026 liberatur
1020 1983 1046 2028 et
1071 1974 1138 2027 matri
1157 1974 1356 2031 Atheniensium
1374 1976 1533 2028 reficiuntur.
1547 2000 1580 2016 -

522 2059 558 2128 tt,
575 2061 677 2113 ioniam
693 2067 720 2112 et
733 2054 853 2113 Aeoliam
868 2053 1070 2111 Atheniensibus
1086 2057 1284 2122 restituturus,a
1297 2056 1419 2111 Tiribazo
1432 2057 1460 2113 in
1477 2053 1583 2112 vincula

526 2139 674 2194 ooniicitur.

455 2281 621 2438 Coum,
638 2344 890 2441 Atheniensis,
921 2354 931 2400 ⁴
952 2343 1227 2449 Peloponnesio
1244 2342 1345 2422 bello
1363 2347 1518 2422 accessit
1531 2343 1580 2421 ad

454 2463 741 2570 rempublicam,
766 2469 807 2543 iu
834 2492 957 2568 eoque
985 2467 1064 2542 eius
1093 2491 1206 2568 opera
1220 2464 1346 2568 magni
1373 2465 1458 2541 fuit.
1484 2465 1578 2541 Nam

453 2596 494 2658 et
511 2599 666 2689 praetor
684 2583 924 2691 pedestribus
950 2584 966 2634 ²
986 2581 1212 2660 exercitibus
1227 2581 1408 2688 praefuit,
1423 2590 1463 2659 et
1470 2607 1578 2688 prae·

452 2698 575 2779 fectus
594 2701 721 2781 elassis
747 2729 806 2781 res
832 2727 985 2807 magnas
1003 2703 1098 2776 mari
1126 2702 1249 2805 gessit.
1268 2703 1370 2796 Quas
1384 2699 1435 2776 ob
1448 2724 1577 2776 causas

452 2822 684 2927 praecipuus
709 2823 744 2898 ei
780 2818 902 2899 honos
927 2818 1078 2896 habitus
1105 2837 1170 2896 est.
1199 2820 1372 2925 Namque
1399 2816 1572 2894 omuibus

450 2961 550 3015 unus
569 2935 701 3014 insulis
729 2937 904 3043 praefuit.
932 2941 947 2988 ³
976 2939 1022 3012 Iu
1050 2965 1125 3040 qua
1139 2951 1323 3039 potestate
1348 2937 1489 3014 Pheras
1515 2961 1576 3011 ee·

450 3055 521 3160 pit,
546 3051 736 3132 coloniam
753 3054 1153 3134 Lacedaemoniorum.
1168 3056 1259 3132 Fuit
1278 3056 1389 3132 etiam
1408 3072 1577 3133 extremo

483 3275 529 3346 (t)
542 3273 630 3333 θοησιι
638 3312 647 3343 ,
664 3276 835 3332 Atheniensis.
856 3274 988 3333 Timothei
1041 3277 1134 3350 quinto
1147 3285 1174 3332 et
1185 3277 1321 3343 uicesimo,
1337 3295 1397 3333 cum
1410 3278 1467 3334 aliis
1479 3296 1576 3337 oosem

450 3352 540 3415 filium
568 3371 643 3417 vocat
665 3381 727 3417 eum
746 3361 881 3417 Pausanias
902 3365 946 3428 111,
964 3368 988 3419 9.
1040 3361 1201 3436 prsetoribus
1219 3362 1346 3418 Alcibiadi
1365 3363 1496 3419 suffectus.
1510 3364 1576 3420 Vid.

448 3446 525 3500 Hunc
535 3445 670 3502 diversum
682 3465 736 3502 esse
748 3467 763 3501 a
776 3450 894 3513 Conone,
906 3457 987 3503 astro·
1040 3447 1147 3503 Diodor.
1162 3449 1235 3512 Xlll,
1252 3455 1295 3514 745
1308 3447 1428 3520 Xenoph.
1442 3449 1510 3504 Eiet.
1526 3449 1578 3507 Gr.

446 3528 510 3602 logo
522 3530 631 3596 Samio,
654 3529 820 3586 Archimedis
842 3531 943 3603 aequali
960 3541 988 3586 et
1040 3534 1062 3599 1,
1077 3543 1104 3587 ct
1117 3535 1246 3588 lustinum
1260 3536 1293 3598 V,
1306 3534 1333 3591 5.

445 3612 583 3681 lumiliari,
605 3615 759 3670 iamdudum
776 3634 792 3670 ι
808 3615 873 3670 viris
884 3613 984 3682 ductis,
1074 3621 1118 3688 (3)
1139 3617 1260 3672 Omnibus
1275 3638 1336 3673 unus
1348 3619 1437 3673 innatis
1452 3620 1577 3692 praefuit.

445 3692 515 3753 baud
529 3699 583 3755 scio
599 3719 633 3755 sn
651 3699 803 3774 pueriliter,
818 3704 985 3757 obseruatum
1038 3704 1094 3757 Hoc
1109 3721 1195 3776 neque
1210 3702 1278 3774 apud
1301 3701 1466 3768 Diodorum,
1490 3720 1576 3774 neque

446 3791 496 3841 ett.
1039 3787 1106 3859 apud
1136 3788 1361 3859 Xenophontem,
1393 3806 1477 3861 neque
1506 3786 1575 3860 apud

479 3870 525 3938 (2)
535 3866 648 3927 Praetor
657 3872 822 3944 murtae,
835 3880 884 3929 etc.
902 3872 985 3929 Prae-
1038 3872 1118 3926 stium
1130 3891 1291 3946 quemquam
1305 3874 1445 3945 reperitur,
1458 3873 1510 3929 nisi
1521 3873 1576 3929 ior·

442 3960 484 4002 tor
496 3960 613 4008 tamena
630 3966 721 4011 nostro
736 3956 769 4012 de
783 3960 872 4013 classis
879 3961 985 4033 praese·
1039 3965 1066 4011 te
1082 3956 1110 4010 id
1129 3967 1233 4030 tempus
1257 3959 1441 4032 intelligatur,
1458 3977 1510 4030 quo
1528 3959 1571 4014 si·

440 4047 495 4101 eto,
512 4038 541 4091 in
553 4037 639 4095 Alcib.
656 4044 726 4109 vlu,
743 4052 770 4097 et
782 4044 857 4111 alibi,
870 4063 979 4117 usurpe-
1037 4043 1086 4096 ctis
1109 4042 1177 4113 apud
1202 4043 1317 4098 Cnidum
1343 4044 1572 4111 Lacedaemoniis,

440 4126 493 4172 tur.
515 4121 629 4177 Praeiuit
644 4135 730 4179 sutem
755 4130 888 4199 primum,
911 4147 982 4184 anno
1035 4126 1175 4182 adiuvante
1192 4128 1369 4196 Pharnabazo,
1382 4131 1518 4185 Persarum
1531 4149 1573 4186 re-

439 4196 547 4256 buiusce
569 4201 633 4259 beili
656 4206 769 4263 mcundo
784 4220 812 4266 et
836 4211 980 4276 vicesimo,
1034 4211 1077 4280 gis
1091 4209 1165 4263 classi
1182 4213 1334 4282 praefectus,
1346 4231 1437 4268 omnes
1450 4212 1573 4295 insulare

439 4281 505 4340 dum
518 4287 674 4360 Corcyram,
690 4299 755 4347 teste
768 4295 887 4350 Diodoro
906 4296 980 4363 xm,
1034 4293 1255 4368 Lacedaemoniis,
1273 4307 1302 4354 ut
1322 4298 1393 4356 inira
1420 4298 1570 4367 uidebitur,

435 4372 483 4450 41,
497 4372 631 4450 uiuitis
654 4372 789 4454 firmata
805 4377 887 4454 dein,
910 4397 980 4438 sono
1009 4370 1137 4444 'trehit
