3352 5572
557 484 803 551 stctntsnae
1127 450 1230 555 'adt
1336 527 1364 541 ,

119 683 227 765 sendi
245 686 459 782 Alcibiadis,
479 705 522 765 ut
539 688 589 764 ad
606 692 686 767 eius
706 693 898 768 triremem
917 690 1054 799 vulgus
1066 695 1240 773 contine-

120 823 191 897 ret,
212 805 374 912 perinde
404 833 448 882 ac
467 809 497 882 si
514 804 618 883 solus
644 806 869 886 advenisset.
895 811 957 886 sic
975 815 1077 889 enim
1095 814 1248 918 popolo·
1287 885 1289 889 .

120 940 450 1027 temperantium,
478 942 516 999 et
541 923 716 1001 adverset
741 931 967 1029 superiores,
993 943 1033 1006 et
1058 954 1241 1034 praesens

118 1057 172 1117 tes
198 1038 380 1119 secandas
406 1066 467 1118 res
493 1042 672 1117 accidisse
698 1045 781 1120 eins
807 1071 934 1149 opere.
956 1049 1093 1150 Itaque
1117 1067 1157 1127 et
1182 1047 1240 1124 Si·

118 1156 227 1240 sitire
245 1161 440 1251 amissum,
457 1161 474 1213 ²
492 1175 531 1233 et
546 1160 931 1240 Lacedaemoniorum
965 1166 1140 1245 victoriae
1159 1164 1241 1242 cnl-

118 1303 190 1382 pae
215 1304 305 1354 sose
327 1277 576 1369 tribuebant,
606 1276 715 1381 quod
744 1277 857 1355 talem
887 1282 1009 1359 tirum
1043 1285 1239 1362 eciritste

120 1392 364 1496 expulissent.
384 1395 515 1493 Neque
541 1394 581 1469 id
606 1398 689 1471 sine
716 1421 830 1473 eausa
855 1398 1032 1475 arbitrari
1060 1400 1241 1479 videban-

120 1522 203 1587 turs
218 1538 303 1588 nam
326 1520 525 1617 poliqusm
536 1516 722 1589 exercitui
740 1540 896 1614 preesse
913 1535 1104 1617 coeperat,
1117 1540 1244 1622 neque

121 1646 224 1706 terra
251 1659 378 1735 neque
410 1634 506 1706 mari
536 1632 660 1709 hostes
688 1662 797 1738 pares
824 1661 903 1711 esse
929 1652 1145 1743 potuerant.
1171 1640 1243 1715 ltic

122 1766 165 1823 nt
186 1751 272 1826 navi
290 1763 539 1851 agreement,
559 1776 787 1852 quamquam
797 1752 1052 1832 Theramenes
1070 1770 1108 1830 et
1121 1756 1243 1831 Thra·

122 1863 280 1969 sybulns
296 1864 435 1940 eisdem
448 1864 564 1940 rebus
579 1865 838 1969 praefuerant,
856 1869 1042 1973 simulque
1062 1884 1245 1947 venerant

122 1984 162 2057 in
180 1982 387 2071 Piraeeum,
404 1998 529 2056 tamen
548 1981 651 2057 illum
668 2008 787 2059 unum
808 2010 939 2060 omnen
960 1987 1247 2091 prosequeban-

126 2115 210 2188 tur;
230 2116 287 2188 et,
307 2096 346 2171 id
372 2096 480 2199 quod
509 2124 707 2197 nunquam
737 2119 849 2174 antee
874 2126 945 2177 neu
977 2120 1154 2194 venerat,
1173 2104 1248 2177 niti

128 2215 323 2317 Olympiae
342 2216 560 2302 victoribus,
579 2218 730 2290 coronis
759 2220 879 2291 aureis
900 2221 1104 2323 aeneisque
1131 2218 1247 2322 vulgo

128 2329 354 2404 donabatur.
375 2328 444 2404 Ille
463 2328 678 2433 lacrymans
695 2336 709 2381 ³
731 2330 843 2405 talem
871 2333 1176 2410 benevolentiam
1195 2337 1248 2409 oi·

127 2448 228 2521 vium
249 2471 403 2522 suorum
418 2447 643 2550 accipiebat,
663 2449 906 2524 reminiscens
925 2450 1075 2554 pristini
1095 2464 1243 2553 tempo·

127 2569 177 2645 ris
194 2567 449 2644 acerbitatem.
464 2570 668 2667 Postquain
685 2569 778 2642 Astu
800 2571 914 2660 venit,
934 2571 1121 2647 concione
1137 2573 1153 2621 ⁴
1182 2567 1247 2644 sd·

160 2830 203 2898 (2)
221 2824 326 2883 Siciliae
347 2830 473 2881 amississet.
488 2825 562 2889 Δπαξ
574 2822 659 2897 ῥηθέν.
712 2834 750 2877 tes
764 2824 859 2878 veteris
874 2823 976 2891 santae,
991 2825 1080 2880 aetalia
1092 2825 1248 2883 mama·

127 2912 172 2965 Est
186 2912 232 2983 qui
254 2910 318 2982 legit
338 2912 529 2964 admissum-
543 2911 579 2962 ld
594 2908 661 2978 quod
712 2916 789 2960 turri.
1145 2912 1149 2919 '

127 3016 251 3068 nimquam
261 3011 337 3051 anteo
347 3017 391 3050 usu
404 3008 517 3059 venerat,
531 3005 580 3049 ele.
589 2994 660 3048 Prio-

126 3099 167 3133 res
191 3099 244 3135 non
262 3091 340 3152 negat
356 3083 433 3133 duces
458 3081 559 3133 toronis
582 3079 661 3134 fuine
745 3076 1248 3153 (l)Conciotte.1oqntpeoselieent.

126 3152 279 3234 honoratis,
305 3165 350 3221 sed
375 3165 443 3219 nulli
468 3175 569 3236 praeter
585 3163 656 3217 Alci·
711 3161 824 3215 ostendit
846 3181 873 3215 sc
899 3160 965 3215 nibil
984 3164 1064 3236 impie
1088 3165 1196 3229 secisse,
1221 3172 1248 3216 ct

124 3248 227 3304 hisdem
248 3249 278 3304 its
299 3253 416 3321 ingressu
438 3249 517 3303 luisse
542 3266 558 3302 a
582 3248 659 3319 vulgo
710 3258 798 3299 contra
816 3247 870 3300 iura
892 3248 982 3300 omnis
1005 3265 1021 3301 e
1049 3250 1150 3303 civitate
1167 3247 1247 3301 saitae

124 3336 269 3407 promiscue
281 3336 390 3406 ingentes
404 3334 548 3389 contendit.
710 3331 831 3384 eiectum.
845 3328 912 3384 Vide
927 3331 1084 3401 Xenophon.
1098 3332 1120 3396 l,
1135 3330 1167 3384 de
1181 3331 1246 3385 nst.

159 3425 213 3490 (3)
238 3420 290 3474 lits
313 3421 468 3491 iacspmasrs.
485 3421 548 3473 Prae
567 3415 659 3486 gaudio
711 3417 806 3472 Grsee.
826 3446 856 3459 -
873 3415 988 3468 Proitasie
1005 3422 1070 3469 assi
1089 3418 1154 3469 atter
1163 3432 1246 3485 popu·

124 3503 242 3575 plerique
252 3501 660 3566 volunt.b⁷ssssioesuteat,'l'lteo·
710 3501 756 3563 las,
771 3510 819 3555 etc.
835 3500 964 3555 Similiter
978 3502 1109 3554 Tacitusl
1129 3500 1248 3569 Elateia

125 3589 174 3662 lap.
188 3590 281 3660 gentil.
295 3591 349 3651 tit,
366 3595 409 3650 47.
422 3589 513 3641 lieturn
528 3591 555 3641 itt
568 3587 659 3639 multis
711 3585 754 3638 ubi
766 3584 799 3638 de
815 3583 919 3639 Othone
933 3583 965 3636 nd
981 3585 1120 3653 imperium
1138 3594 1247 3637 erectae

125 3675 302 3729 huiuscemodi
313 3673 438 3745 exemplis
450 3674 534 3744 potins
546 3692 577 3726 ex
587 3675 657 3743 prio·
713 3670 802 3723 Alianis
818 3669 930 3721 crederes
951 3680 1080 3740 unalitate
1092 3666 1182 3720 ’Μ
1195 3684 1245 3737 p·

29 3768 36 3783 ¹
125 3763 160 3815 ris
175 3761 294 3814 intonsa
307 3771 350 3812 eat
367 3756 657 3813 miserieerecordetio-
708 3756 811 3826 poium,
837 3765 886 3808 etc.
903 3752 995 3805 Simile
1008 3761 1034 3804 et
1056 3750 1248 3822 pepuleritis-

125 3862 264 3914 ne‚quem
277 3843 370 3915 gaudio
383 3862 415 3896 ex
429 3843 554 3913 praesenti
573 3840 658 3894 saliti·
712 3837 869 3891 constamine
892 3833 1044 3904 exemplam
1070 3834 1097 3886 in
1123 3834 1248 3889 Cimone

124 3938 177 3985 tsts
196 3929 331 3999 obtingere
347 3927 540 3982 animadvertit.
556 3929 594 3979 ita
609 3945 655 3978 nn·
711 3922 788 3975 habes
805 3919 868 3974 olim
881 3917 1003 3988 expulso,
1017 3926 1147 3988 etpaelet
1168 3921 1248 3975 taliae

123 4023 176 4067 tter
187 4016 289 4084 pristini
311 4016 428 4084 temporis
449 4012 590 4066 acerbitatis
615 4028 660 4062 re·
711 4005 798 4059 ltalise
818 4005 933 4057 humeris
947 4010 1085 4072 reportata.
1109 4002 1248 4059 viteam

124 4096 268 4151 cordationl
289 4096 416 4168 lacrymas
436 4093 581 4150 Alcibiadis
606 4093 660 4145 im·
711 4110 771 4143 ηοω
794 4087 932 4159 reprimite
959 4087 985 4141 le
1002 4087 1092 4159 papie
1118 4089 1247 4143 Misius

125 4192 204 4251 putat.
217 4210 250 4225 -
264 4182 434 4235 Bentisaircsnr
445 4185 545 4251 pristini
559 4192 659 4248 tempo·
709 4186 830 4246 passere,
850 4173 946 4225 emta
957 4171 1067 4242 rapiditi
1078 4173 1112 4226 ds
1129 4171 1247 4235 l'tieleir,

126 4271 160 4318 rie
172 4269 340 4320 acerbitatem.
358 4269 386 4319 iu
405 4267 534 4319 Phocione
544 4262 660 4330 limum
712 4259 744 4312 de
759 4259 886 4331 Infamata·
901 4257 958 4312 t'tla
966 4256 1051 4328 μίιίἑ,
1067 4257 1103 4311 dte
1122 4256 1248 4311 abm-

127 4353 260 4423 genitivo:
289 4353 400 4422 tQuutn
414 4351 474 4416 alii,
490 4349 658 4406 reminiscen-
712 4341 1051 4416 gaumidedun&
1064 4341 1251 4415 t‘tsjnttsus
