3352 5572
703 479 758 541 ΕΤ
782 476 947 539 tvutctt

365 680 517 776 Boreas,
544 674 768 785 quisquilias
792 679 1032 784 ineptiasque

365 793 568 872 Credemus
593 799 738 898 gremio
766 797 829 870 cui
855 793 1089 873 fovendum?

365 914 499 990 inveni
525 912 727 1019 (trepidae
754 910 859 989 silete
886 912 1040 1016 nugae)

364 1031 443 1107 Nee
469 1029 625 1106 doctum
652 1031 789 1120 minus,
818 1045 856 1103 et
882 1033 997 1132 magis
1024 1029 1252 1129 benignum,

367 1149 488 1242 Quam
516 1173 629 1250 quem
654 1143 776 1220 Gallia
803 1144 980 1250 praebuit
1006 1144 1171 1221 Catullo.

343 1429 448 1500 IDEM,
475 1432 643 1485 sstssomt
670 1432 734 1483 xv!
763 1432 811 1482 ΔΙ)
840 1426 995 1482 ΡΚΟΒὙΜ
1017 1430 1144 1481 PRABF·
1174 1430 1306 1482 PRAET·

317 1613 507 1720 Apologos
537 1617 692 1707 Titiani,
720 1631 758 1689 et
770 1616 926 1719 Nepotis
945 1614 1148 1703 chronica,
1176 1608 1385 1715 quasialios

270 1731 448 1838 apologos
475 1732 654 1835 (namet
679 1737 759 1838 ipsa
788 1733 905 1806 instar
932 1746 1019 1805 sunt
1046 1726 1314 1823 fabularum),
1342 1723 1389 1800 ad

270 1851 502 1928 nobilitatem
520 1869 623 1925 tuam
637 1853 739 1942 misi,
766 1848 935 1952 gaudeus
954 1864 1066 1951 atque
1085 1850 1194 1921 etiam
1210 1847 1388 1949 glorians,

272 1971 355 2045 fore
382 1966 539 2071 aliquid,
565 1969 667 2070 quod
694 1968 742 2043 ad
769 1971 1045 2045 institutionem
1073 1981 1222 2040 tuorum
1248 1961 1400 2049 seduli·¹

274 2088 357 2161 tatis
384 2111 487 2161 meae
521 2085 644 2160 studio
672 2084 906 2161 conferatur.

373 2367 558 2446 IVDICIA
584 2368 936 2448 RECENTIORVM
970 2365 1289 2441 SCRIPTORVM.

604 2601 810 2653 osseumvs
844 2600 1044 2664 rssvuuvs,

278 2807 457 2914 Catulogo
468 2810 665 2887 illustrium
684 2812 804 2916 script.
822 2813 1106 2912 Veronensum,
1118 2815 1144 2886 l.
1159 2837 1199 2886 vr
1220 2807 1391 2911 antiquit.

324 3032 632 3107 constantissimo
658 3035 986 3109 civitatisnostrae
1008 3037 1222 3108 testimonio
1251 3059 1283 3107 c.
1305 3059 1393 3108 con·

275 3174 416 3225 seusun
436 3166 625 3239 surorum,
644 3151 766 3224 virum
783 3149 1051 3243 doctissimum,
1069 3166 1108 3226 et
1126 3153 1392 3255 antiquitatum

275 3268 442 3341 omnium
470 3269 746 3370 peritissimum,
772 3269 1031 3344 Veronensem
1057 3267 1184 3361 fuisse,
1212 3271 1393 3357 traditur,

189 3366 194 3383 ⁵
275 3386 334 3459 cui
361 3387 401 3459 in
420 3411 559 3460 summa
587 3389 692 3461 curia
719 3414 805 3462 cum
832 3385 989 3491 reliquis
1026 3388 1311 3463 Veronensibus
1343 3382 1391 3457 il·

275 3501 455 3578 lustribus
482 3506 593 3578 etiam
620 3522 743 3580 statua
769 3508 890 3609 posita
919 3522 974 3582 est
1001 3533 1048 3581 ex
1075 3504 1226 3610 publica
1260 3520 1392 3579 aucto·

275 3620 399 3695 ritate.
412 3623 509 3695 Eum
525 3620 686 3714 Plinius,
701 3620 769 3697 lib.
788 3625 842 3698 Ill
862 3624 908 3697 H.
928 3624 972 3700 N.
987 3651 1067 3725 cap.
1091 3625 1159 3715 18,
1184 3623 1273 3697 Padi
1292 3645 1397 3696 acco·

275 3731 351 3808 lam
377 3752 507 3827 vocat,
541 3753 579 3811 et
604 3736 695 3813 alibi
721 3741 866 3840 saepius
894 3739 942 3815 de
968 3764 1014 3814 eo
1041 3738 1269 3813 mentionem
1295 3737 1395 3811 facit.

276 3851 392 3928 Ortus
413 3854 594 3952 siquidem
612 3855 653 3928 in
667 3857 750 3931 vico
763 3858 1038 3933 veronensium
1055 3851 1227 3944 Hostilia,
1247 3853 1293 3926 ad
1304 3849 1398 3926 Padi

278 3973 379 4075 ripas
406 3974 492 4064 sito,
519 3980 565 4048 ut
591 3975 743 4049 Tacitus
770 3989 906 4050 auctor
933 3988 1001 4063 est,
1026 3972 1093 4048 lib.
1110 3973 1204 4049 XIX
1220 3971 1398 4047 historiae

278 4092 481 4196 Augustae.
500 4092 589 4170 Pius
607 4117 762 4199 quoque
780 4094 882 4198 Papa
899 4092 946 4186 ΙΙ,
966 4093 1007 4168 in
1025 4093 1132 4171 Asiae
1145 4090 1399 4197 descriptione

281 4232 369 4285 eum
394 4211 654 4288 veronensem
681 4225 812 4316 aperte
828 4205 945 4289 fuisse
961 4209 1101 4288 scribit.
1126 4208 1185 4288 sd
1208 4210 1312 4288 hune
1331 4208 1401 4284 Ca·

283 4320 402 4402 tullus
428 4352 525 4432 opus
543 4351 653 4405 suum
670 4326 789 4421 misit,
815 4341 996 4435 tanquam
1016 4328 1136 4407 civem
1155 4352 1278 4406 suum.
1303 4320 1402 4423 Quoi
