3352 5572
95 296 111 347 ι’

123 431 223 528 azo
560 462 796 527 accounts

116 671 328 772 Olynthum
345 670 545 763 duceret,³
564 671 714 772 iterque
743 695 813 772 per
831 670 981 747 Thebas
1001 674 1153 764 iaceret,
1186 700 1241 751 ar·

126 793 208 866 cem
228 772 381 897 oppidi,
400 817 496 892 quae
519 786 687 875 cadmea,
704 790 931 879 nominatur,
957 795 1153 892 occupavit
1181 794 1244 869 im·

127 907 238 1015 pulsu
257 934 535 1016 perpaucorum
550 904 836 996 Thebanorum,
849 909 927 1007 qui,
944 907 1175 985 adversariae
1191 909 1242 985 fa·
1346 898 1349 903 ¹

127 1028 245 1103 ctioni
262 1055 339 1130 quo
361 1025 506 1103 facilius
528 1026 753 1112 resisterent,
770 1026 965 1122 Laconum
990 1024 1103 1100 rebus
1125 1027 1244 1103 stude·
1319 1112 1320 1116 Ἴ

126 1146 243 1236 bant3
262 1145 376 1246 idque
403 1170 471 1218 suo
493 1145 652 1246 privato,
680 1140 754 1216 non
778 1142 930 1241 publico
957 1143 1044 1242 fecit
1072 1144 1242 1224 consilio.

127 1268 211 1360 Quo
229 1262 328 1338 facto
343 1288 426 1336 eum
447 1257 731 1334 Lacedaemonii
744 1257 791 1332 ab
803 1264 968 1336 exercitu
990 1285 1244 1358 reinquernnt,

45 1364 55 1379 ’
128 1382 366 1488 pecuniaque
385 1376 603 1457 mriltaruut.
622 1380 637 1425 ⁴
657 1378 790 1483 Neque
812 1406 856 1453 eo
875 1383 987 1483 magis
1008 1406 1130 1456 arcem
1143 1385 1242 1461 The-

128 1491 514 1605 banis‘reddiderunu
533 1492 649 1594 quod,
666 1496 848 1599 susceptis
865 1497 1077 1583 inimicitiis,
1099 1502 1113 1548 ⁵
1132 1503 1244 1576 satius

126 1611 316 1688 ducebant
336 1638 399 1686 eos
419 1604 595 1697 obsideri,
626 1637 735 1716 quam
764 1615 923 1688 liberari.
952 1615 1042 1688 Nam
1065 1633 1148 1719 post
1180 1621 1243 1693 Pe-

91 1767 95 1775 ·
128 1726 388 1830 lopounesium
410 1725 562 1816 bellum,
583 1727 830 1832 Athenasque
849 1727 1123 1812 devictas,curn
1144 1731 1241 1806 The-

31 1913 34 1917 ,
124 1843 238 1923 banis
249 1845 325 1925 Uti
347 1873 422 1921 rem
444 1872 522 1943 esse
540 1853 555 1897 ⁶
574 1845 861 1933 existimabant,
881 1867 914 1921 et
938 1874 1001 1922 eos
1021 1873 1099 1921 asse
1119 1849 1239 1942 solos,

127 1964 196 2070 qui
208 1966 382 2090 adversus
393 1967 559 2039 resistere
569 1963 763 2040 auderent.
776 1965 855 2039 Hac
868 1967 1124 2041 ntenteamiois
1138 1968 1212 2043 suis
1230 1974 1242 2020 ⁷

623 2119 627 2125 ’
730 2124 747 2159 O

130 2234 254 2293 Sestum
265 2238 315 2290 lies
331 2236 528 2308 praecipuas·
543 2236 663 2307 Attr‘gero
747 2236 789 2303 (t)
816 2211 971 2304 Pecruaiaque
986 2235 1132 2288 multarunt.
1149 2238 1245 2291 Decem

81 2298 101 2339 ⁰
128 2323 267 2394 opponitur
278 2321 411 2392 explicare.
715 2318 874 2390 myriadibus
885 2317 1074 2383 drachmarum,
1087 2329 1114 2371 ut
1123 2317 1245 2391 Plorat,

163 2408 205 2476 (3)
218 2405 300 2478 Quam
313 2405 448 2459 curruum
461 2403 603 2475 Otyunn·
614 2403 663 2456 du·

130 2501 202 2544 ceree
214 2491 249 2559 Vt
264 2491 402 2559 Amyntae,
418 2487 588 2542 Macedonum
598 2486 664 2557 regi,

95 2624 109 2655 ·
130 2592 207 2644 opem
225 2572 320 2637 ferret,
337 2573 392 2643 qut,
408 2588 488 2644 quarn
512 2570 536 2622 ei
562 2569 677 2653 satissa-r

131 2673 189 2717 aare
206 2664 364 2722 recusassent
374 2654 503 2726 Olynthii,
515 2672 607 2708 eorum
621 2671 663 2706 ur-

131 2740 191 2795 bem
208 2758 355 2810 oppugnare
381 2740 562 2793 meditabatur.
589 2735 664 2792 Diod.

132 2823 183 2876 Sic.
197 2822 312 2885 XV,'t9.
330 2820 417 2873 Paullo
431 2821 506 2872 aliter
520 2820 664 2890 Xenophon

30 2959 35 2977 Δ,
130 2906 158 2960 in
172 2908 267 2959 Histoe.
282 2907 374 2958 Graec.
386 2907 418 2964 V.
429 2910 452 2956 2.
462 2935 495 2948 ·—
510 2907 601 2958 Arcem
615 2925 661 2978 np-

128 2989 195 3060 pedi,
207 3005 270 3056 quae
282 2985 397 3039 Cadmea
412 2992 558 3039 nominatur.
579 2987 624 3050 lta,
637 2997 665 3040 ut

131 3067 342 3142 supradiximus,
361 3076 460 3130 vocata,
473 3069 541 3140 quod
565 3087 578 3119 a
596 3069 661 3122 Cad-

133 3170 188 3215 mo,
205 3152 326 3222 hgenoris
348 3151 506 3203 Phoenicum
520 3152 665 3224 ragisfilhq

135 3238 214 3290 luerat
226 3244 357 3289 eunucu.
376 3235 476 3300 Prolire
494 3235 526 3289 de
544 3237 591 3290 huc
611 3241 660 3290 Xe·

133 3321 237 3390 uopbon
255 3330 281 3371 et
295 3316 453 3384 Plutarchus,
475 3321 578 3373 brevius
600 3324 666 3373 Dio-

134 3404 211 3460 dorus
228 3408 289 3471 XV,
312 3411 355 3468 20,
380 3405 484 3474 aliique.
500 3436 532 3448 -
554 3407 666 3477 Imprdsu

131 3510 314 3565 perparuonrm.
338 3491 389 3560 Qui
416 3491 520 3543 suerunt
545 3491 666 3556 Archias,

64 3565 90 3638 χ
134 3573 669 3653 nuntiassesrutttppm,vut,rureetc

133 3661 232 3730 tareisa,
250 3661 392 3733 principatu
405 3660 512 3732 quidem
526 3659 669 3718 redimetis

135 3747 208 3809 clari,
224 3746 269 3801 sed
282 3746 346 3800 nibil
363 3741 509 3802 modestum
521 3746 670 3801 sentientes.

135 3832 463 3903 -Adveruuiaescctr'onh
472 3835 500 3887 lo
513 3852 562 3909 qua
577 3850 669 3886 nume·

136 3918 257 3971 rebantur
273 3919 405 3979 Ismenias,
423 3917 572 3989 Pelopidas,
598 3917 666 3971 Phe·

135 4003 247 4064 renicua,
267 4001 448 4066 Androclldes,
471 4003 668 4076 Epaminondae.

135 4102 169 4127 0-
181 4080 246 4137 Non
253 4082 363 4152 prdltoo.
374 4085 502 4140 Diodorus
515 4097 603 4141 conus
612 4087 669 4149 XV,

714 2398 847 2474 Pelopida.
864 2404 920 2455 bno
937 2399 969 2455 ab
983 2403 1093 2462 interitu
1105 2422 1166 2458 enm
1190 2424 1244 2458 ser·

713 2485 782 2539 verit
794 2485 937 2556 Agesilaum
950 2487 1048 2560 quippe
1058 2490 1104 2560 qui
1114 2488 1142 2543 id
1152 2489 1248 2544 laetum

714 2565 842 2638 preberet,
860 2578 935 2638 atque
952 2568 1013 2623 ideo
1025 2571 1158 2626 mandasse
1170 2571 1249 2644 vulgo

713 2649 870 2712 crederetur,
884 2670 964 2722 quum
978 2654 1075 2723 patriae
1083 2654 1189 2710 utilitati
1198 2673 1249 2708 rna·
1277 2699 1279 2703 a

716 2738 844 2809 qtqquam
860 2735 969 2812 iusfl'tiae
986 2737 1139 2790 consuleret.

747 2823 788 2887 (5)
808 2819 892 2890 Quod,
909 2828 1024 2891 susceptis
1034 2826 1183 2888 inimicitiis,
1199 2834 1250 2877 etc.
1334 2845 1337 2848 ’

717 2903 772 2953 Hoc
797 2913 845 2966 est,
862 2903 944 2973 qud,
971 2924 1053 2977 quum
1072 2907 1122 2959 iarn
1149 2917 1252 2977 propter

719 2987 784 3040 istud
802 2989 898 3042 lacinus
916 2989 982 3041 inter
1003 3010 1029 3043 se
1051 3002 1194 3046 commotae
1208 3012 1252 3048 ea-

717 3083 773 3126 sent
786 3074 944 3136 inimicitiae,
952 3079 1029 3130 satius
1040 3076 1167 3132 ducebant
1180 3080 1251 3132 The·

718 3157 796 3210 bauos
808 3158 930 3222 obsideri,
945 3178 1020 3230 quam
1040 3161 1151 3216 liberari.
1171 3165 1252 3216 Cous·

717 3261 769 3296 rur.

752 3330 793 3396 (tt)
809 3326 863 3381 Sibi
874 3348 927 3380 rem
940 3347 999 3380 esse.
1011 3328 1067 3381 Sibi
1080 3348 1133 3382 essa
1146 3341 1254 3384 conten-

719 3413 826 3466 tionem.
840 3444 873 3453 -
889 3413 1023 3464 Aduersus.
1038 3412 1168 3477 Absolute,
1186 3425 1212 3465 ut
1226 3419 1253 3465 in

719 3497 852 3565 Ageslva
865 3514 875 3546 n
886 3498 967 3549 Iratus
980 3494 1113 3548 videbatur
1122 3494 1252 3560 omnibus,

719 3578 763 3649 qui
780 3575 901 3631 aduersus
917 3595 987 3631 arma
1006 3576 1150 3633 tulerant.u
1173 3595 1183 3632 t
1225 3614 1228 3618 -

752 3664 794 3731 (7)
821 3663 922 3716 Amicis
943 3665 1000 3715 ruia.
1019 3661 1047 3713 ld
1075 3671 1114 3716 est
1124 3701 1134 3726 ,
1151 3659 1254 3714 civibus

719 3745 863 3812 Thebanis,
877 3764 939 3800 suae
955 3746 1083 3816 potentiae
1104 3744 1254 3798 fautoribus.
1342 3787 1344 3791 .

720 3861 752 3874 -
768 3832 1053 3904 Alterhquefactr'onie
1065 3827 1251 3901 principat·-

722 3917 845 3980 meniam,
867 3916 956 3985 eapitis
970 3924 1125 3978 recensum,
1141 3912 1248 3967 darona·

720 4011 789 4057 runt.
804 3999 985 4063 Andmclides,
999 3998 1143 4073 Pelopidas,
1159 3996 1254 4051 Phere-

707 4086 840 4163 nicus,et
854 4082 929 4136 multi
943 4084 989 4138 alii
997 4082 1055 4157 plus
1066 4077 1160 4148 CCCC,
1173 4081 1254 4136 asna·

137 4170 182 4233 2⁰,
195 4167 311 4240 Ephorus
325 4178 410 4224 narrat
424 4167 491 4223 elam
508 4170 533 4224 ei
552 4169 670 4224 mandas·
719 4188 766 4225 naa
781 4169 959 4243 profugerant,
973 4188 1004 4224 ex
1016 4167 1109 4243 quibua
1119 4163 1255 4222 Androrli·

135 4269 177 4313 ss.
191 4262 230 4320 ut,
239 4254 458 4326 opportunitatem
473 4265 571 4321 nenas,
583 4272 669 4312 arcem
720 4255 782 4311 dem
798 4256 937 4311 wotides
960 4254 1022 4310 dolo
1046 4253 1255 4310 nunciandum

60 4412 65 4420 ,
137 4337 373 4420 wermere«
385 4338 590 4431 Polybitmtlg
666 4400 669 4406 ,
720 4341 875 4411 auam-ur
890 4338 1037 4422 Xenophon
1062 4347 1089 4399 et
1103 4332 1257 4398 Plutarchus

156 4456 208 4485 ⁸⁴
283 4439 292 4477 ³
584 4443 586 4449 ’
726 4482 730 4503 ι
1203 4458 1249 4509 a,
