3352 5572
945 478 1090 544 ΟΟΝΟΝ

455 446 559 557 'aba

459 721 510 776 ex
535 721 579 770 ea
597 690 667 771 sim
693 686 904 796 proiectus,
931 711 1030 788 quae
1050 683 1188 762 ceteris
1203 682 1379 790 gentibus
1395 686 1585 791 imperare

459 809 713 899 consueverit,
753 807 882 911 potius
908 800 1179 891 barbarorum,
1207 828 1320 905 quam
1349 800 1450 879 illius
1478 833 1585 884 more

441 931 609 1033 ¹fungar.
628 959 655 996 a
679 925 815 1025 Itaque
841 920 943 1011 huic,
969 944 1069 1024 qnae
1095 917 1269 1011 volebat,
1300 922 1442 1024 scripta
1470 919 1585 997 tradi·

460 1049 560 1125 dia⁵

459 1222 461 1229 s
510 1165 576 1241 IV.
604 1160 754 1258 Quibus
775 1158 947 1262 cognitis,
973 1182 1038 1231 rex
1057 1170 1203 1232 tantum
1222 1158 1446 1233 auctoritate
1472 1159 1552 1236 eius
1572 1168 1582 1214 ⁴

459 1299 586 1359 motus
614 1286 684 1370 est,
712 1293 756 1353 ut
786 1292 826 1352 et
851 1271 1140 1379 Tissaphernem
1166 1273 1311 1350 hostem
1336 1275 1586 1370 iudicaverit,

461 1418 501 1476 et
513 1396 829 1475 Lacedaemonios
848 1390 949 1469 bello
968 1395 1145 1499 persequi
1171 1396 1341 1515 iopserit,
1370 1411 1408 1470 et
1435 1398 1470 1470 ei
1497 1414 1586 1502 per-

461 1518 617 1606 miserit,
645 1540 758 1618 quem
780 1510 903 1604 vellet,
924 1508 1065 1615 eligere
1092 1508 1140 1584 ad
1167 1512 1453 1616 dispensandam
1472 1541 1586 1620 pecu·

460 1638 575 1712 niam.
601 1631 647 1707 Id
674 1632 871 1708 arbitrium
889 1630 1023 1704 Conon
1043 1631 1226 1732 negauit²
1254 1633 1311 1705 sui
1330 1656 1408 1706 esse
1426 1631 1587 1727 consilii,

460 1754 529 1831 sed
554 1751 694 1857 ipsius,
722 1751 789 1853 qui
816 1749 957 1851 optime
985 1771 1071 1822 suos
1097 1772 1207 1822 nosse
1247 1748 1428 1828 deberet:
1455 1749 1522 1825 sed
1548 1778 1587 1827 se

461 1872 637 1963 sundere,
656 1867 900 1945 Pharnabazo
915 1865 955 1939 id
981 1866 1121 1968 negotii
1141 1863 1262 1940 daret.
1289 1867 1414 1960 Hinc,
1442 1871 1588 1972 magnis

462 1984 686 2065 muneribus
712 1981 889 2074 donatus,
914 1977 964 2054 ad
990 2006 1096 2056 mare
1122 1998 1179 2056 est
1196 1983 1340 2070 missus,
1367 1995 1410 2058 ut
1441 1986 1588 2090 Cypriis

461 2120 504 2182 et
527 2102 792 2190 Phoenicibus,
806 2101 1021 2201 ceterisque
1036 2100 1229 2174 maritimis
1247 2100 1464 2177 civitatibus
1477 2092 1589 2180 naues

466 2220 601 2325 longas
627 2221 845 2326 imperaret,
864 2215 1121 2319 classemque,
1151 2243 1228 2321 qua
1248 2219 1421 2322 proxima
1447 2227 1589 2297 aestate

465 2364 571 2415 mate
584 2340 686 2439 tueri
696 2352 835 2443 posset,
849 2341 1100 2440 compararet3
1122 2331 1211 2410 dato
1229 2332 1403 2427 adiutore
1428 2335 1593 2411 Pharna·

464 2453 586 2547 bozo,
616 2457 717 2532 siout
747 2456 829 2560 ipsa
855 2450 1040 2529 voluerat.
1067 2450 1109 2527 Id
1135 2457 1181 2527 ut
1205 2449 1594 2530 Lacedaemoniis'est

417 2816 427 2837 ,
467 2783 537 2832 ram,
554 2766 624 2821 iuter
642 2767 755 2821 officium
772 2763 934 2820 salutationis
951 2765 1004 2816 Da·
1058 2762 1166 2819 lumniis
1177 2763 1297 2819 animum
1310 2764 1380 2838 regis
1393 2786 1407 2821 a
1420 2764 1593 2838 Tissapherne

467 2850 540 2906 rium
558 2869 647 2922 regem
660 2870 734 2905 more
751 2851 836 2923 gentis
856 2848 928 2903 illios
941 2849 1006 2901 adu·

469 2933 568 3000 latum,
585 2934 688 3005 capitali
705 2933 833 3004 supplicio
849 2935 1007 2986 affecerunt:

468 3021 547 3075 unius
562 3021 629 3074 ciuis
645 3018 788 3073 humilibus
804 3017 948 3082 blanditiis,
967 3029 1007 3072 to·

468 3104 521 3161 tius
532 3103 606 3158 urbis
617 3121 678 3158 sune
697 3103 777 3156 decus
792 3103 909 3158 Persicae
926 3103 1009 3156 domi·

469 3187 571 3245 statiani
579 3187 736 3241 submissum
744 3185 858 3258 grauiter
871 3186 1007 3240 terassa.-

470 3270 559 3327 Valer.
574 3268 681 3324 Maxim.
696 3270 734 3324 Vl
756 3275 783 3334 3,
796 3272 884 3322 ext.2.
896 3270 1009 3335 Qualem

469 3366 559 3410 autem
572 3352 615 3407 hie
630 3352 720 3407 iurum
731 3352 869 3406 Persarum
881 3353 961 3406 oeulis
974 3353 1009 3406 ie·

470 3439 538 3496 serit
551 3439 688 3504 ismenias,
700 3435 887 3492 Thebanorum
901 3428 932 3490 ad
954 3438 1010 3490 Ar·

471 3536 603 3579 userxem
621 3519 731 3594 legatus,
746 3522 775 3576 iu
791 3521 889 3575 annulo
908 3521 1010 3574 demit·

470 3607 552 3667 teudo
562 3628 595 3664 ex
608 3607 746 3674 industris,
763 3616 791 3662 et
801 3609 897 3662 iterum
911 3606 1004 3662 sustol-

471 3690 561 3760 lsado,
575 3710 630 3765 quo
639 3693 755 3763 eorporis
771 3700 845 3766 gestu
861 3691 1008 3747 veneratio·

471 3795 536 3832 nem
558 3778 684 3832 mentitus
703 3786 758 3843 est,
788 3775 914 3830 Aelianus
944 3778 1008 3830 Vae.

473 3862 542 3923 nist.
553 3864 577 3926 1,
590 3864 635 3929 24,
649 3870 676 3916 et
685 3863 738 3917 iam
750 3860 797 3916 alii
807 3865 1008 3918 notaruntllos.

437 3980 440 3984 -
508 3950 552 4015 (t)
565 3947 671 4018 Sumpta
684 3947 802 4001 tradidit.
814 3949 928 4001 lustinus
943 3962 1008 4017 qno-

439 4064 443 4077 ·
472 4033 592 4100 que,V1,
613 4036 640 4095 2,
656 4033 792 4087 Cononem
808 4031 845 4086 sit
860 4049 909 4102 per
922 4033 1008 4087 inter·

472 4115 583 4169 ssuneios
596 4115 678 4187 egisse
691 4134 750 4171 eum
770 4128 841 4188 regn
866 4124 893 4169 at
908 4117 1007 4170 Diodo-

1059 2848 1200 2903 slieuatum
1226 2859 1342 2905 auctores
1363 2849 1487 2920 tradunt5
1506 2850 1595 2904 matris

1059 2935 1210 2989 Parisatidis
1222 2954 1311 3008 preces
1329 2934 1401 2988 addit
1420 2935 1549 2990 Plutarch.
1568 2941 1597 2990 in

1060 3020 1201 3083 Artaxerxe
1233 3021 1338 3083 XXlll,·
1355 3037 1412 3072 rem
1435 3021 1519 3092 ipsam
1536 3030 1596 3074 ante

1060 3101 1175 3173 Agesilai
1202 3101 1345 3158 adventum
1373 3106 1446 3175 pouit
1476 3106 1596 3158 lustinus.

1059 3189 1122 3242 Tea.
1135 3215 1170 3228 -
1183 3187 1222 3242 Vt
1236 3188 1430 3258 Tissaphernem
1442 3190 1538 3240 hostem
1554 3189 1597 3240 tis·

1059 3273 1192 3326 dicaverit.
1208 3273 1312 3342 Eique,
1334 3272 1483 3328 Tithrauste
1500 3273 1597 3336 misso,

1061 3366 1136 3427 caput
1153 3356 1265 3428 praecidi
1284 3356 1396 3411 iusserit.
1419 3358 1486 3410 Vide
1504 3357 1597 3410 Xeno-

1060 3440 1154 3512 phont.
1171 3440 1199 3493 iu
1215 3440 1386 3510 Agesilao.-
1395 3440 1433 3492 lit
1445 3447 1469 3495 σι’
1478 3445 1598 3512 permise-

1060 3528 1105 3578 rit.
1117 3521 1199 3578 Paulo
1214 3522 1291 3576 aliter
1301 3523 1432 3577 Diodorus
1441 3533 1467 3577 et
1485 3527 1597 3579 lustinus

1060 3605 1124 3661 locis
1137 3608 1183 3661 eit.
1200 3634 1232 3648 -
1253 3605 1335 3678 Quem
1354 3608 1435 3660 vellet
1452 3608 1555 3680 eligere.
1573 3610 1597 3660 is

1058 3690 1127 3764 apud
1140 3693 1272 3746 Romanos
1287 3705 1402 3764 quantor
1420 3693 1562 3748 dicebatur.

1094 3781 1138 3850 (2)
1151 3778 1186 3832 lat
1192 3779 1324 3833 arbitrium
1335 3778 1597 3852 Cououuegavit,etc.

1059 3866 1134 3917 Hane
1150 3861 1306 3918 electionem
1323 3882 1379 3918 noa
1395 3862 1427 3917 ad
1440 3883 1486 3931 se,
1502 3861 1547 3918 sed
1564 3861 1596 3915 ad

1060 3967 1150 4019 regem
1163 3940 1295 4020 pertine
1311 3947 1426 4003 dixit·
1439 3949 1491 4020 ραι·
1502 3952 1598 4020 optime

1060 4034 1360 4089 warnestunensis
1375 4031 1441 4105 apud
1450 4030 1596 4088 Martialem

1060 4118 1130 4180 Vlll,
1145 4123 1188 4184 l5,
1203 4121 1226 4171 8:

470 4216 528 4264 sua,
544 4199 618 4263 XIV,
639 4205 683 4264 tt,
698 4218 865 4272 ooagressum
881 4209 908 4256 et
922 4198 1005 4256 eollo·
1058 4236 1062 4242 ·

466 4293 954 4448 “dissemina-m
964 4385 1009 4430 ea

1058 4287 1188 4362 Principis
1206 4264 1257 4347 ¹est
1282 4292 1363 4348 virtus
1387 4293 1597 4369 maximayymsse

1532 4389 1599 4430 assos.
