3352 5572
684 453 953 513 rnacnartra
1247 411 1249 414 ’
1294 422 1385 550 367
1449 549 1451 560 Ι

278 668 424 729 tantum
442 649 647 744 molestiae,
667 657 895 752 tantumque
914 649 1064 742 laboris,
1078 669 1261 753 quantum
1289 668 1324 727 te
1343 654 1392 728 ob

279 773 345 847 has
375 797 456 861 res,
483 771 574 843 mibi
603 767 821 843 tradidisse:
857 795 968 868 quem
996 769 1195 869 oportebat
1226 772 1392 844 omnium

279 914 425 977 eorum,
453 912 546 985 quos
574 901 660 958 ante
688 882 886 958 habuerim
915 880 1064 987 liberos,
1097 887 1241 987 partis6
1260 911 1393 960 eorum

282 998 465 1088 tolerare,
494 1016 608 1101 atque
626 1023 773 1088 curare,
802 1013 977 1097 utquam
1004 1000 1197 1072 minimum
1217 997 1397 1080 sollicitu2

177 1114 188 1135 '
279 1114 378 1190 dinis
397 1117 438 1188 in
456 1131 601 1189 senecta
619 1112 809 1216 haberem,
829 1114 974 1214 utique,
995 1119 1010 1166 ⁷
1035 1139 1296 1216 quaecumque
1315 1142 1397 1217 age-

231 1278 237 1288 ‚
276 1257 357 1321 res,
384 1257 428 1303 ea
444 1228 560 1306 velles
579 1230 745 1303 maxime
764 1228 852 1304 mihi
880 1226 1049 1329 placere;
1084 1236 1197 1329 atque
1221 1233 1396 1304 utinefas
1439 1321 1447 1327 „

276 1346 444 1435 haberes,
461 1371 585 1419 rerum
598 1346 779 1418 maiorum
799 1343 995 1418 adversum
1008 1371 1125 1417 meam
1139 1347 1359 1419 sententiam
1377 1351 1393 1398 ⁸
1544 1337 1547 1344 ¹

277 1460 487 1563 quidquam
503 1461 640 1535 facere.
655 1461 874 1540 Praesertim
890 1460 993 1551 mibi,
1005 1463 1063 1534 oui
1079 1488 1193 1564 parva
1203 1466 1393 1564 parsvitae
1462 1551 1473 1567 Ι

277 1592 462 1679 superest,
480 1599 528 1650 ne
549 1574 588 1649 id
600 1575 751 1676 quidem
780 1592 853 1648 tam
873 1578 985 1650 breve
1003 1579 1163 1678 spatium
1186 1593 1308 1678 potest
1319 1581 1394 1681 opi·

276 1691 403 1783 tulari,
419 1695 510 1789 quin
531 1700 571 1764 et
597 1691 684 1762 mihi
703 1689 919 1781 ademeris,
943 1709 982 1764 et
1007 1693 1275 1795 rempublicam
1305 1722 1393 1796 pro·

276 1795 392 1910 lliges.
411 1808 585 1906 Denique
601 1833 697 1907 quae
717 1829 833 1907 pausa
852 1809 868 1856 ⁹
886 1808 987 1880 erit?
1003 1809 1050 1882 Et
1068 1807 1219 1906 quando
1246 1810 1394 1886 desinet

275 1922 416 1997 familia
433 1939 562 1996 nostra
581 1923 775 2022 insanire?
794 1924 842 1996 Et
859 1923 1015 2025 quando
1042 1924 1175 1998 modus
1195 1928 1229 1998 ei
1247 1930 1300 1999 rei
1328 1929 1392 2001 ha·

177 2031 186 2050 ⁰
275 2038 358 2112 beri
377 2038 551 2140 poterit?
578 2040 627 2110 Et
645 2038 801 2139 quando
822 2037 1045 2128 desinemus,
1071 2056 1109 2113 et
1135 2040 1328 2133 habentes,
1354 2060 1393 2116 et

274 2151 513 2254 praebentes,
533 2151 564 2202 ⁴⁰
578 2150 755 2228 molestiis
772 2152 969 2244 desistere?
989 2157 1038 2227 Et
1064 2154 1219 2256 quando
1251 2182 1392 2258 perpu-
1451 2165 1459 2181 ‘

275 2258 439 2341 discet*⁴
458 2266 648 2358 miscenda
667 2259 782 2368 atque
801 2269 1058 2370 perturbanda
1079 2269 1296 2371 republica?
1315 2271 1391 2347 sed

276 2383 470 2458 siomnino
491 2381 531 2455 id
543 2382 625 2459 fieri
635 2409 709 2458 non
720 2400 854 2485 potest,
864 2384 929 2458 ubi
943 2402 1173 2485 egomortua
1184 2412 1260 2476 ero,
1272 2390 1390 2487 petito
1507 2478 1511 2485 η

275 2498 507 2573 tribunatum
524 2526 534 2588 ;
561 2517 646 2601 post
665 2525 722 2572 me
735 2496 874 2595 tantm,
888 2499 990 2597 quod
1010 2498 1168 2587 lubebit,
1188 2527 1302 2599 quum
1321 2530 1390 2604 ego
1407 2496 1410 2502 ¹

274 2641 355 2690 n‘on
375 2619 547 2708 sentiam.
572 2615 648 2690 Vbi
674 2607 825 2688 mortua
853 2640 936 2705 ero,
965 2612 1182 2718 parentabis
1209 2618 1318 2709 mihi,
1352 2638 1391 2694 et

273 2731 467 2808 invocabis
485 2730 597 2804 deum
617 2747 823 2834 parentem.
835 2726 922 2804 ⁴²In‘
936 2758 981 2805 eo
1000 2749 1168 2834 tempore
1180 2760 1257 2810 non
1269 2723 1389 2840 pudet

1401 2820 1411 2850 t

272 2943 337 2985 runt.
363 2931 527 3003 iutelligitin
540 2931 633 3004 primis
656 2931 805 3000 Scipionem
856 2931 1079 3009 iere-pudetdiatu
1101 2932 1204 2985 Tacitus
1225 2932 1252 2986 iu
1270 2920 1390 3004 Agricola

272 3015 403 3070 Nasicam.
419 3015 486 3068 Vide
500 3016 635 3069 Aurelium
654 3016 804 3081 Victorem,
856 3015 960 3069 mn.
975 3018 1035 3068 Tae.
1304 3017 1305 3021 ’
1466 3008 1473 3038 ¹

273 3097 307 3149 de
333 3098 404 3152 Viris
433 3097 594 3165 illustribus,
626 3117 680 3168 cap·
711 3098 817 3154 Ltssvs
890 3100 950 3165 (tt)
966 3098 1049 3150 Deum
1071 3111 1210 3168 parentem.
1229 3098 1320 3151 Errant
1344 3084 1393 3169 qui

275 3183 419 3235 Tzacavcx.
438 3183 488 3252 Qui
500 3182 595 3235 abesta
611 3185 666 3235 MS.
682 3184 743 3236 Sar.
856 3182 942 3234 lovem
951 3191 1051 3250 putant,
1065 3180 1173 3233 deorum
1188 3192 1297 3251 patrem,
1312 3191 1389 3252 atque

306 3266 349 3330 (6)
374 3264 470 3318 Partis.
491 3265 615 3336 Aulique,
640 3274 666 3318 et
690 3262 805 3318 Sallustii
855 3262 915 3317 ideo
932 3260 1071 3316 lectionem
1089 3283 1141 3315 non
1158 3264 1394 3332 sanamsuspicanss

273 3364 356 3409 nore,
373 3366 420 3415 pro
431 3361 521 3417 partes.
854 3359 906 3406 tur,
921 3356 1025 3415 propter
1042 3349 1207 3398 remotiorem
1225 3363 1328 3397 sensum
1347 3363 1391 3397 ne·

306 3430 349 3494 (t)
364 3429 466 3498 Vtique,
479 3448 527 3498 pro
540 3442 563 3481 et
575 3434 619 3482 uti.
810 3472 813 3477 .
854 3448 969 3502 eumque
983 3448 1042 3482 cum
1056 3429 1230 3501 sequentibus.
1242 3433 1315 3481 Errat
1328 3415 1391 3497 qua·

307 3515 351 3584 (8)
360 3514 501 3567 Adversum
510 3517 753 3568 aseamsenteatiam.
760 3515 805 3569 tte
856 3533 907 3587 que
914 3513 1051 3570 Salmasius
1059 3514 1088 3565 ad
1097 3513 1225 3579 Solinnm,
1237 3531 1259 3564 c.
1270 3514 1390 3578 xxxut,

273 3607 362 3649 eontra
377 3596 513 3648 sentiente.
555 3600 558 3608 '
855 3605 962 3667 s.3t,p.
972 3616 1007 3648 rn.
1022 3601 1080 3661 293,
1095 3597 1151 3655 har.
1167 3607 1194 3648 nt
1209 3604 1290 3665 putat,
1303 3613 1390 3647 emen-

308 3683 351 3747 (9)
368 3680 586 3744 Pausa.11udcte,
603 3679 674 3744 finis,
691 3683 772 3750 quies.
858 3678 970 3732 datione=
987 3680 1119 3732 lavorabis
1135 3680 1197 3731 deos
1205 3695 1290 3730 manes
1299 3697 1391 3749 paren-

277 3803 280 3825 ,
309 3767 369 3832 (to)
382 3765 516 3827 Habentes,
524 3778 548 3816 et
556 3767 705 3835 praebentes.
719 3765 807 3819 Attice
857 3766 900 3826 tis,-
918 3763 1035 3831 qnamvis
1055 3760 1080 3812 id
1096 3762 1186 3831 probet
1211 3761 1338 3813 ursatius
1357 3759 1389 3811 ad

275 3843 387 3898 absentee
399 3858 423 3897 et
431 3855 579 3916 praesentes.
597 3849 624 3899 Si
642 3847 707 3900 illud
728 3865 804 3917 pree·
857 3846 974 3899 Cicerou.
992 3846 1041 3896 Pro
1061 3844 1139 3897 domo
1157 3845 1225 3897 th.
1241 3845 1336 3895 Graeca
1352 3853 1392 3894 est

276 3926 380 3993 teratur,
392 3940 480 3984 sentus
497 3941 544 3984 est:
559 3933 586 3984 in
603 3951 706 3986 summa
718 3943 805 3986 nostra
856 3928 958 3992 locutio,
969 3927 1100 3996 ξυγγενεῖς
1122 3929 1165 3980 καὶ
1182 3924 1298 3995 tipi‘yatot
1321 3925 1391 3990 deal,

276 4010 404 4075 opulentia
426 4022 452 4065 et
474 4013 635 4069 liberalitate.
652 4017 696 4068 Sic
719 4034 806 4085 supra,
854 4013 953 4081 polemi
963 4023 1010 4061 Μ
1024 4015 1130 4063 materni
1147 4013 1195 4073 dli,
1214 4028 1260 4079 ΡΝ)
1274 4010 1333 4078 lP⁸l⁸
1347 4025 1392 4077 Pl·
1412 4038 1413 4042 ’

275 4109 298 4145 c.
311 4094 343 4157 V,
355 4093 454 4147 babere.
471 4098 533 4150 Tas.
756 4130 759 4135 -
818 4162 819 4165 Ἴ
856 4095 981 4149 rentibus.
993 4097 1077 4146 Testis
1091 4099 1124 4147 sit
1139 4093 1218 4155 Plato,
1229 4096 1291 4162 Leg.
1309 4094 1342 4155 V,
1362 4098 1390 4156 2,

308 4176 367 4240 (tt)
381 4175 555 4245 Perpruiescet.
570 4179 687 4232 Verbum
701 4198 804 4242 rarum,
858 4177 908 4246 ubi,
917 4176 1102 4230 Lea.·'l'imnei.·
1114 4175 1241 4245 Opipatat
1258 4175 1319 4240 daei,
1334 4174 1389 4229 ὅσοι

274 4272 331 4310 rara
344 4257 422 4310 etiam
436 4269 624 4316 suurturacum
638 4263 758 4318 ablativo.
770 4267 807 4317 lta
857 4262 989 4331 {apparate
1004 4266 1090 4324 κοινῶς
1113 4262 1284 4331 ὁργιὰζονσιν.
1305 4262 1391 4314 Testis
