3352 5572
549 462 769 528 urnurnan
1134 433 1231 569 289

113 665 296 744 maximos
321 663 564 768 comparavit.
584 667 640 741 Ex
666 668 724 743 his
750 688 870 741 unum
889 666 931 741 in
943 665 1110 744 Africam
1122 669 1233 764 misit,

113 783 278 859 alterum
303 806 390 857 cum
408 780 646 857 Hasdrubale
664 784 783 858 fratre
800 783 841 857 in
859 783 1040 890 Hispania
1059 782 1234 886 reliquit,

114 904 269 978 tertium
296 903 335 975 in
363 896 509 975 ltaliam
537 925 663 977 secum
682 896 802 975 duxit.
830 900 973 977 Saltum
997 905 1237 1006 Pyrenaeum

116 1021 274 1095 transiit.
293 1019 543 1117 Quacumque
569 1017 642 1090 iter
661 1017 776 1108 fecit,
792 1042 880 1093 cum
897 1014 1071 1094 omnibus
1101 1014 1238 1094 incolit

114 1133 330 1212 conflixitz⁴
348 1133 552 1222 neminem,
571 1132 644 1207 nisi
667 1133 821 1225 victum,
841 1131 993 1207 dimisit.
1012 1130 1070 1206 Ad
1089 1129 1204 1236 Alpes
1221 1131 1237 1181 ⁵
1272 1198 1275 1207 .

114 1270 362 1359 posteaquam
380 1255 499 1342 venit,
517 1274 618 1354 quae
644 1248 791 1325 ltaliam
818 1250 865 1323 ab
884 1247 1007 1325 Gallia
1018 1240 1237 1354 seiungunt,

114 1395 206 1472 quas
234 1392 347 1444 nemo
363 1392 537 1469 unquam
557 1391 644 1441 cum
662 1366 835 1442 exercitu
855 1381 1060 1462 antaeum,
1085 1370 1240 1469 practer

111 1485 316 1564 Herculem
341 1486 511 1577 Graium,
541 1486 742 1559 transierat
757 1485 853 1590 (quo
867 1482 968 1562 facto
986 1487 1017 1561 is
1043 1481 1238 1560 bodiesal·

104 1619 172 1679 -tus
191 1604 329 1679 Graius
347 1598 595 1708 appellatur);
629 1598 795 1706 Alpicos,
824 1616 1005 1678 conantes
1032 1599 1239 1706 prohibere

114 1722 327 1812 transitum,
345 1716 526 1808 concidit,
545 1714 630 1794 loca
650 1715 844 1820 patefecit,
862 1718 999 1795 itinera
1017 1719 1167 1811 muniit,
1185 1713 1241 1793 ef·

110 1838 295 1943 lecitque,
312 1851 359 1913 ut
388 1862 432 1911 ea
459 1833 686 1940 elephantus
714 1850 871 1912 ornatus
897 1835 956 1911 ire
993 1842 1135 1939 posset,
1161 1860 1241 1940 qna

147 2121 190 2188 (t)
211 2118 273 2170 Cwa
288 2117 399 2170 omnibus
410 2118 501 2171 ineolis
523 2118 655 2189 eorfiiait.
704 2115 810 2170 Graiurr
834 2113 936 2169 addidit
952 2123 1060 2182 nostor,
1077 2116 1138 2186 quia
1154 2113 1240 2186 plures

112 2198 189 2271 Quod
206 2201 297 2256 multis
314 2200 400 2256 vorbis
413 2200 507 2256 docent
527 2200 651 2274 Polybius
701 2199 823 2254 Hercules
847 2197 1018 2267 celebrantur,
1040 2197 1123 2254 veluti
1147 2198 1242 2271 Aegy·¹

112 2293 140 2336 et
155 2283 255 2338 Livius.
700 2283 770 2352 ptius
776 2323 787 2348 ,
810 2282 916 2355 Tyrius,
934 2291 983 2337 etc.
996 2312 1030 2325 -
1043 2281 1129 2338 Saltus
1145 2284 1239 2338 Graias

145 2369 189 2437 (5)
209 2368 254 2420 At
272 2369 363 2441 Alpes.
379 2371 452 2440 Quae
469 2368 601 2423 Poeninae
617 2366 649 2421 ab
699 2366 846 2438 appellatur.
860 2365 913 2421 vet
929 2365 1021 2420 Graiae
1033 2365 1123 2436 Alpes,
1134 2365 1180 2419 ubi
1190 2368 1239 2419 bo-

111 2446 255 2503 llannibato
272 2448 453 2505 denominatae
479 2459 555 2515 sunt,
582 2449 649 2503 Plio.
700 2451 760 2521 dio,
781 2460 811 2505 nt
835 2450 949 2506 ereditur
959 2491 970 2517 ,
985 2459 1035 2505 stat
1050 2469 1123 2505 strom
1140 2451 1238 2507 Soned
1262 2428 1287 2477 ’

110 2529 155 2586 lib.
173 2533 219 2586 111.
231 2532 296 2588 nist.
310 2534 370 2590 Nat.
390 2552 414 2590 o.
439 2541 482 2604 ⁴⁷3
506 2543 533 2588 et
554 2532 648 2587 Paulus
698 2536 838 2600 Harmodi,
854 2536 903 2591 etsi
917 2535 963 2590 alii
976 2534 1054 2591 aliter
1070 2534 1238 2591 sentiunt.-

110 2618 301 2684 Warnesridns,
316 2619 364 2676 lib.
377 2622 412 2686 lt,
430 2620 463 2676 de
482 2621 560 2692 gestis
572 2623 645 2675 Lon·
698 2622 812 2692 Alpioos.
827 2621 950 2676 Vsitatius
966 2618 1076 2689 Alpinos
1086 2621 1237 2686 venabuli

109 2701 226 2775 gohard.¹
240 2721 263 2756 o.
285 2707 327 2768 48,
347 2704 393 2759 sit·
413 2703 513 2776 rAlpes
525 2705 645 2777 Apenni-
697 2715 725 2760 et
738 2705 782 2759 tric
794 2703 963 2776 probabiliter
972 2703 1237 2759 oeuioeitLambiaus.

109 2802 157 2838 nse
174 2783 257 2841 diotae
273 2794 333 2841 sunt
350 2804 364 2840 a
382 2788 494 2852 Punicis.
517 2788 567 2843 boc
590 2797 644 2855 est,
697 2787 809 2843 Mutatio
826 2786 917 2842 facilis.
930 2785 1042 2858 Polybio
1058 2787 1109 2852 itt,
1123 2792 1166 2856 5⁰,
1180 2793 1234 2854 st,

107 2868 252 2927 Hannibale
277 2882 304 2926 et
333 2870 390 2926 eius
412 2875 558 2928 exercitus
580 2877 644 2930 Eas.
696 2871 1237 2946 suntAllobroges3LivioX1L33,tuca·

108 2954 225 3026 -Quas
246 2975 319 3011 nerto
336 2976 443 3028 uaqrrorrs
463 2976 519 3011 oum
536 2960 644 3012 errroiw
696 2962 761 3016 tani.
773 2962 877 3014 Tae·
888 2957 1028 3031 Patefecit.
1039 2959 1080 3012 De
1097 2957 1235 3013 modoli-

107 3049 242 3105 murum,
254 3050 304 3094 ete.
324 3040 428 3095 Falsum
442 3040 492 3096 boo
502 3058 557 3096 esse
569 3040 644 3095 docet
694 3046 753 3101 vius
763 3043 838 3110 XXI,
848 3046 893 3106 ³2,
907 3052 933 3097 et
945 3040 1039 3113 Polyb.
1047 3042 1094 3107 111,
1105 3041 1234 3098 tullera-

107 3120 315 3194 satyrianus,
343 3130 376 3180 tt
387 3148 398 3192 ς
428 3128 526 3200 quippe
553 3124 644 3183 Gallos
695 3127 910 3201 paroemiasaso
922 3125 1234 3197 saxiaetsoeeasolipno

107 3218 209 3275 maaet,
224 3206 343 3264 Rhodani
363 3209 469 3275 accolas,
485 3210 568 3265 semel
589 3212 642 3264 ite·
695 3210 856 3277 ardentibus,
869 3208 970 3266 etbiao
986 3210 1142 3281 panetariis.
1158 3209 1234 3263 liano
1352 3274 1356 3281 Ι

98 3311 220 3371 Ιτιιιιιφιο
236 3312 298 3349 eum
313 3297 416 3369 maguis
429 3296 583 3351 exercitibus
598 3297 645 3350 tt·
695 3317 758 3352 vero
781 3296 891 3353 modurn
917 3304 1019 3353 veteres
1040 3295 1110 3349 iuter
1135 3291 1233 3348 tabulas

106 3394 153 3448 pes
165 3379 385 3435 transiisse.an
397 3378 502 3447 facilem
515 3380 550 3435 sd
563 3382 643 3436 ricto·
695 3382 920 3447 adnumerandum
940 3398 1044 3437 censen
1064 3381 1167 3451 Quippe
1184 3380 1250 3444 t⁰,'

106 3461 159 3515 rias
175 3463 298 3518 euntibus
319 3461 389 3518 buno
411 3464 548 3519 uestitum
571 3481 642 3533 ωας
696 3454 847 3522 νίι“ιοιιιιιι
867 3466 1001 3519 universae
1016 3462 1154 3535 praaiao
1169 3478 1232 3519 aas·

106 3564 161 3602 aon
172 3548 417 3605 seraelrooeutiores
426 3547 498 3606 Galli
504 3547 644 3605 documen·
695 3559 754 3604 tum
763 3549 796 3605 ad
809 3549 923 3621 aliquot,
939 3545 1048 3601 calcada
1063 3544 1171 3618 quidem
1183 3562 1234 3601 ns·

108 3636 165 3685 mm
181 3629 319 3687 dederunt.
331 3664 366 3677 -
388 3631 494 3687 Praeter
510 3632 643 3687 nomem
695 3644 762 3700 turs,
773 3653 830 3690 saxa
845 3631 1002 3689 solvendum
1015 3631 1075 3688 tatis
1093 3629 1233 3687 Hanniball

110 3712 226 3771 Gratata
239 3718 315 3773 Hane
330 3715 448 3773 tlercnlls
465 3720 643 3780 transitumn
696 3721 802 3791 iubam
827 3722 869 3786 2⁰,
889 3716 933 3771 bio
950 3725 1038 3771 tutem
1056 3723 1158 3770 tantam
1183 3731 1232 3787 pro

109 3795 231 3867 plurimis
245 3802 414 3874 scriptoribus
437 3801 579 3866 laudatam,
602 3801 642 3855 ia·
697 3804 804 3862 calcatis
819 3812 887 3857 terra
895 3811 962 3857 strat
974 3798 1234 3872 immensiqeaitso,

110 3879 442 3942 balbsdnameratliviur
455 3887 503 3951 111,
528 3890 553 3941 6.
567 3883 644 3941 Vade
696 3888 831 3965 qniooido
846 3901 956 3954 metoso,
968 3887 1024 3941 imo
1045 3889 1142 3939 ασαίοο
1157 3900 1233 3939 soar·

110 3972 199 4021 tamen
216 3969 297 4025 Silius
312 3969 416 4027 italicas
427 3971 476 4038 111,
489 3975 550 4026 496:
695 3976 778 4039 rimo,
792 3970 860 4026 solvi
872 3967 1180 4042 negant-Elephanti
1189 3985 1233 4022 or·

111 4047 215 4109 Primus
237 4057 380 4130 issem
403 4057 470 4114 odiit
494 4055 648 4130 remma
697 4053 880 4112 mostubus
904 4052 1145 4113 udicotsdusam
1171 4048 1235 4109 balli

204 4166 208 4173 ·
568 4157 651 4214 uest.
697 4141 766 4218 aptis
780 4141 925 4207 muttum.
1242 4182 1249 4193 ,

168 4486 202 4549 ⁴¹
216 4408 310 4501 tos.
334 4412 428 4502 llas.
455 4474 490 4541 0

193 4610 215 4665 s
