3352 5572
582 442 589 449 ”
606 464 838 532 ravsrurrs
1192 473 1278 537 101
1368 508 1371 521 ‚

161 674 269 757 rebat
277 673 501 781 suspicione
519 696 607 750 nem
626 674 756 780 opinio
774 673 961 768 manebat,
982 700 1070 752 eum
1089 702 1178 755 cum
1190 676 1281 787 rego

159 766 301 871 habere
311 792 536 869 societatem.
546 793 614 868 Est
624 817 742 895 genus
751 789 944 897 quoddam
957 791 1165 887 bominum,
1175 794 1283 900 quod

94 974 101 983 .
158 911 313 990 Helotes
331 914 346 965 ⁸
364 926 541 1003 vocatur,
574 910 739 1013 quorum
759 935 906 1013 magna
937 908 1146 988 multitudo
1174 940 1282 1017 agros

157 1029 543 1106 Lacedaemoniorum
561 1024 667 1117 colit,
686 1051 957 1128 servorumque
980 1054 1139 1105 munere
1156 1026 1280 1135 fungi·

159 1165 233 1224 tur.
260 1148 338 1225 Hos
356 1174 516 1252 quoque
544 1143 746 1222 sollicitare
763 1149 780 1197 ⁹
798 1169 862 1247 spe
882 1141 1067 1247 libertatis
1085 1147 1277 1225 existimu-

132 1308 138 1319 ·
157 1265 283 1341 batur.
302 1263 398 1363 Sed,
417 1261 523 1368 quod
540 1265 676 1339 harum
695 1288 826 1338 rerum
843 1260 995 1339 nullum
1013 1280 1095 1342 erat
1107 1282 1283 1372 apertum

158 1385 324 1475 crimen,
352 1409 431 1486 quo
448 1384 556 1486 argui
574 1396 723 1487 posset,
739 1405 820 1454 non
833 1379 1022 1484 putabant
1039 1380 1089 1459 de
1102 1382 1168 1459 tuli
1187 1399 1281 1460 tum-

157 1525 233 1606 que
251 1498 355 1576 claro
374 1502 454 1579 viro
472 1497 751 1604 suspicionibus
765 1514 942 1600 oportere
961 1498 1120 1575 iudicari
1134 1560 1144 1597 ‚
1160 1504 1193 1554 ⁴⁰
1211 1500 1279 1578 red

79 1615 80 1618 '
158 1613 469 1723 exspectandum,
494 1614 584 1692 dum
603 1642 641 1692 se
657 1616 739 1722 ipso
758 1640 818 1691 res
836 1617 1014 1719 aperiret.
1122 1676 1124 1681 .

207 1737 272 1811 IV.
285 1736 441 1811 Interim
455 1731 620 1838 Argilius
628 1731 783 1840 quidem
797 1729 1119 1827 adolescentulus,
1134 1739 1144 1786 ⁴
1166 1759 1283 1839 quem

156 1880 320 1960 puerum
350 1854 553 1929 Pausanias
583 1878 711 1929 umore
744 1877 907 1931 venereo
933 1849 1142 1945 dilexerat,
1161 1881 1282 1958 quum

157 2062 201 2123 Ω,
218 2066 245 2111 et
261 2057 371 2129 raepiur.
379 2085 414 2100 -
424 2055 504 2128 Rege.
516 2054 621 2111 Scilicet
633 2056 694 2111 Per·
744 2057 881 2128 Spartano,
895 2054 946 2110 uiri
959 2056 1108 2113 certlrrlmir
1119 2055 1224 2114 indiciir
1237 2062 1284 2121 ed.

156 2159 252 2194 rarum.

190 2227 233 2293 (8)
244 2223 358 2278 nauus.
367 2222 444 2278 Servi
456 2221 554 2295 publici
567 2234 641 2279 erent
650 2242 692 2296 ap.

156 2307 387 2374 Lacedaemonios,
404 2309 471 2380 egris
484 2309 587 2364 arandir
603 2319 630 2363 et
645 2328 691 2364 co·
720 2379 723 2383 Ι

156 2393 241 2448 lendis
254 2395 399 2466 prreporiti,
417 2414 527 2467 quorum
534 2405 623 2451 umen
635 2405 692 2451 tnu-

157 2489 213 2533 tum
225 2479 265 2533 lue
278 2488 343 2545 erat,
353 2489 384 2533 ut
396 2479 529 2535 civitatem
539 2483 691 2553 Spartanam

155 2565 257 2635 rerequi
278 2572 391 2636 possent.
405 2563 506 2618 Vrbem
521 2565 673 2620 chonlcam
680 2605 691 2631 ,

156 2665 223 2719 qnae
248 2646 343 2703 dicitur
358 2648 459 2710 Helo«,
476 2648 632 2705 incolebrut.
650 2653 689 2704 De

156 2732 248 2804 quibnr
264 2732 326 2787 vide
342 2731 491 2806 Thucydid.
511 2737 535 2801 l,
556 2738 582 2804 6,
601 2736 688 2792 etau-

156 2835 218 2870 nem
239 2820 276 2871 Vl
288 2817 321 2870 de
338 2817 448 2891 legibus,
466 2820 573 2874 Arirtut.
591 2819 689 2877 Politic.

157 2899 191 2966 ll,
205 2908 231 2956 7.
245 2901 345 2955 Horum
360 2905 421 2957 fider
435 2901 574 2957 edmodum
583 2902 690 2968 lubrica,

156 2983 318 3057 impulsuque
344 2987 376 3039 ad
403 2990 572 3042 mutationem
600 2987 689 3044 facilia.

156 3069 274 3123 Conerrr.

106 3162 108 3166 ‘
190 3155 233 3222 (9)
243 3153 400 3208 dulliaiura.
422 3153 538 3209 Verbum
560 3155 586 3208 in
608 3157 686 3210 moti·

155 3235 202 3289 bur
210 3276 220 3301 ,
246 3235 463 3308 seditionibusque
482 3237 550 3291 baud
568 3237 690 3294 iurulena.

159 3342 170 3373 ι
182 3322 292 3377 Catilina
304 3321 425 3377 credebat
441 3342 514 3394 poree
527 3325 631 3378 servitiu
643 3345 687 3379 ur·

155 3403 221 3457 bana
239 3404 390 3460 sollicitare.
406 3423 417 3456 r
435 3403 498 3458 sut.
519 3407 574 3460 Cat.
593 3408 690 3461 xxlv.

156 3487 239 3554 Idem,
257 3488 323 3543 ibid.
337 3491 463 3545 xxvssl:
484 3491 605 3545 rluterea
617 3491 690 3544 Mun·

744 2137 832 2205 ducti,
857 2137 974 2192 acerbior
1001 2138 1101 2215 aliquid
1128 2141 1283 2207 miratam.

744 2221 811 2278 Vide
824 2221 989 2277 Plutarchum
1004 2224 1034 2278 ln
1051 2222 1180 2296 agesilao.

779 2308 822 2376 (t)
831 2307 1060 2380 Argitiuaqur'dmr
1073 2310 1281 2375 adclamatum..

744 2388 894 2462 Thucydid.
907 2393 929 2460 1,
941 2389 1071 2469 ldmdrirp
1083 2394 1212 2470 Δῃῡιοςι
1224 2397 1280 2469 ubi,

745 2483 851 2529 noranta
866 2473 1019 2542 rcboduta,
1037 2473 1083 2530 alii
1099 2495 1198 2534 nomen
1214 2479 1279 2554 ρκ’.

744 2558 842 2630 ρτίιιω;
851 2556 907 2626 elii,
920 2557 1013 2632 quibua
1026 2560 1080 2633 ipre
1093 2561 1204 2630 recedit,
1214 2583 1281 2639 gen·

744 2640 790 2696 tile
806 2641 840 2696 ab
856 2641 921 2696 urbe
942 2643 1066 2699 Tbraciee
1085 2644 1129 2699 val
1154 2646 1281 2704 blrredo·

743 2725 939 2797 niae,1r3itur,
948 2737 1112 2783 conruerunt.
1125 2729 1226 2787 Eadem
1237 2731 1281 2790 bie

742 2810 811 2885 inter
822 2810 910 2866 doctor
923 2811 1077 2884 interpreter
1093 2814 1178 2871 ferret
1193 2817 1280 2875 dirce.-

742 2897 832 2966 ptatlo.
846 2898 940 2952 Neutra
954 2897 1044 2971 opinio
1057 2899 1160 2972 linguae
1171 2921 1219 2960 ueu
1233 2903 1279 2960 de.

742 2979 867 3045 stituitur,
885 2999 962 3051 quum
987 2991 1013 3035 et
1034 2983 1100 3060 ἀνὴρ
1117 2986 1211 3041 Graeci
1229 3007 1278 3042 uo-
1321 3016 1325 3027 ·

742 3064 857 3118 minibus
874 3066 986 3138 propriir
999 3071 1096 3140 passim
1112 3083 1279 3143 prqeponrnt.

742 3148 874 3219 Quidquid
892 3158 944 3216 eet,
958 3151 1082 3222 equidem
1097 3163 1159 3224 puto
1171 3155 1236 3229 Nep.
1245 3155 1280 3212 de

742 3232 848 3304 proprio
858 3231 972 3288 bomiuir
984 3236 1092 3290 nomine
1110 3237 1278 3296 intellexisse.

742 3319 793 3370 Tr.
807 3345 839 3358 -
866 3319 892 3371 V
896 3338 992 3374 ereren.
1014 3319 1130 3376 Παιδικὰ
1158 3341 1220 3378 reare
1242 3323 1278 3379 ὧν

742 3401 837 3468 αὐτοῦ,
854 3404 938 3460 Tbur.
955 3410 981 3472 1,
997 3411 1054 3461 ⁴³2.
1070 3409 1110 3461 De
1123 3425 1211 3462 amore
1225 3412 1278 3465 rni-

743 3501 792 3551 nus
799 3484 918 3551 bonerto,
927 3485 980 3540 vid.
992 3487 1102 3541 Praestri.
1109 3497 1164 3543 not.
1172 3518 1205 3533 -
1215 3489 1281 3545 Virr-

56 4208 62 4218 .
158 4162 265 4236 cydlder
277 4164 335 4221 loeo
346 4164 433 4221 citato.

156 3572 205 3625 liur
220 3574 248 3627 iu
264 3573 368 3627 Etruria
387 3572 492 3644 plebem
516 3574 660 3628 sollicitare.
676 3595 688 3627 ι
743 3569 800 3621 aula
812 3569 933 3640 epirotae
947 3570 1054 3624 luerit.
1077 3569 1184 3625 Vererer
1207 3573 1281 3629 enim

156 3657 200 3710 Etr
218 3657 338 3727 rLegutia
362 3655 546 3728 Allobrogum,
564 3658 612 3731 qui
634 3669 691 3713 turn
745 3651 854 3706 vinculit
869 3648 1008 3723 aliquando
1032 3652 1151 3725 epistolar
1170 3652 1282 3730 rollige-

157 3739 226 3792 forte
239 3739 356 3808 ederunt,
370 3741 399 3794 in
422 3759 494 3795 arma
509 3743 688 3799 sollicitatum
744 3735 815 3790 bant·
829 3737 918 3792 lilium
926 3747 995 3792 recle
1008 3736 1137 3810 plurime
1150 3738 1224 3797 editt.
1238 3739 1281 3796 lra-
1312 3786 1317 3793 .

157 3823 252 3878 Florus
265 3826 312 3892 lV,
329 3835 352 3878 4.
369 3824 431 3880 Rell.
441 3827 540 3880 Cat-
553 3828 608 3898 Spe
616 3828 692 3881 lider-
743 3820 807 3874 beni
821 3820 993 3874 hcm&-
1007 3819 1136 3894 Sigmque
1156 3824 1279 3882 διο-κω.

157 3910 225 3959 tatia.
242 3909 275 3960 Et
290 3907 412 3975 civitatis,
426 3926 504 3982 quarn
522 3906 574 3962 illir
592 3906 689 3981 police·
743 3903 834 3974 »52⁰th
849 3902 876 3956 ld
891 3913 932 3958 etl
951 3903 1049 3977 tlsslllm
1059 3904 1182 3977 epistotae
1198 3908 1280 3965 cuili-

158 3992 245 4060 batur,
256 3993 279 4048 ri
292 4012 343 4048 uua
357 4003 533 4067 exrurgereut,
545 4004 572 4049 et
584 3993 693 4048 inomni
744 3988 789 4042 bet
805 3987 982 4060 impura·-
993 3989 1151 4057 Pertullrrrt,
1168 3992 1208 4047 uri
1221 3991 1281 4049 rad·

159 4081 262 4152 negotio
279 4077 441 4135 conficiendo
453 4078 612 4138 adiuvarent.
621 4078 693 4132 'l'bu-
745 4073 861 4143 ddunt,
873 4075 950 4130 verbe
961 4077 989 4131 in
1005 4075 1055 4134 bre
1069 4079 1198 4135 musitata
1209 4087 1281 4136 runt.

745 4160 815 4213 Tum
828 4159 885 4231 plur
898 4179 977 4236 quarn
989 4163 1097 4236 pulecti
1109 4181 1171 4220 irrue
1187 4175 1278 4221 noua·

192 4252 216 4317 (t
223 4252 251 4320 0)
265 4249 446 4322 &purorum
454 4263 567 4322 oportere
579 4249 693 4305 iudum.
745 4241 803 4309 dur,
820 4245 864 4301 ubi
876 4265 925 4302 noe
938 4249 1090 4323 imperfecto
1102 4250 1142 4307 uti
1152 4248 1279 4317 mlmur,

161 4329 298 4405 blunquem
313 4334 386 4394 emur
405 4352 515 4408 prepara
529 4333 563 4390 de
584 4333 692 4393 bomim
744 4331 1135 4409 minitaricquidemrewrte
1152 4338 1214 4395 rar

1518 2106 1530 2137 ὓ
