3352 5572
458 452 462 461 '
559 469 805 534 atctntanrs
1150 443 1239 571 137

122 673 285 753 amicum
302 673 372 753 sibi
388 672 568 781 cupiebat
584 674 745 778 adiungi.
763 674 898 779 Neque
917 673 1117 752 dubitabat
1133 675 1244 759 facile

121 820 162 871 se
187 809 497 887 consecuturum,
517 794 547 871 si
559 791 672 868 modu
691 795 772 868 eius
784 793 1037 872 conveniendi
1056 794 1248 875 habuisset

120 925 355 1015 potestatem.
374 911 469 990 Nam
487 912 630 1014 Cyrum
649 914 664 963 5
682 907 838 986 fratrem
857 912 890 987 ei
902 910 1048 988 bellum
1069 911 1166 988 clam
1179 943 1248 1021 pa·

121 1055 222 1121 rare,
247 1028 554 1106 Lacedaemoniis
587 1025 879 1122 adiuvantibus,
900 1029 1064 1106 sciebat:
1093 1030 1132 1106 id
1153 1034 1184 1108 ei
1211 1034 1246 1109 ei

122 1149 344 1253 aperuisset,
375 1175 547 1252 magnam
576 1174 630 1224 se2
650 1144 698 1220 ab
724 1173 770 1224 eo
797 1147 982 1225 initurum
1000 1152 1157 1254 gratiam
1185 1154 1241 1231 ri·

123 1264 249 1341 debat.
277 1270 282 1277 '

130 1434 135 1455 .
172 1382 224 1455 X.
250 1382 351 1456 Haec
379 1407 498 1482 quum
525 1378 737 1473 moliretur,
764 1398 990 1487 peteretque
1019 1411 1041 1457 a
1069 1385 1242 1461 Pharna·

124 1498 218 1573 bato
237 1515 281 1573 ut
308 1495 508 1600 adregem
535 1501 772 1590 mitteretur3
802 1502 934 1576 eodem
962 1517 1132 1605 tempore
1159 1505 1243 1579 Cri·

123 1616 216 1690 tias⁴
238 1615 434 1717 ceterique
456 1616 609 1720 tyranni
629 1614 916 1691 Atheniensium
935 1633 1058 1693 certos
1077 1618 1248 1697 homines

126 1727 177 1819 ad
192 1729 434 1834 Lysandrum
455 1733 496 1804 in
513 1732 635 1805 Asiam
653 1735 850 1824 miserunt,
862 1732 927 1833 qui
946 1757 1030 1806 eum
1046 1735 1248 1810 certiorem

125 1842 311 1940 lacerent,
331 1848 402 1924 nisi
420 1843 656 1925 Alcibiadem
675 1846 897 1940 sustulisset,
923 1847 1018 1923 nihil
1038 1877 1169 1925 carum
1189 1877 1249 1928 re·

126 1994 213 2042 rum
231 1970 314 2044 fore
324 1984 461 2056 ratum,
472 1994 567 2070 quas
579 1968 657 2068 ipse
672 1966 827 2043 Athenis
842 1967 1109 2044 constituisset:
1120 1995 1252 2069 quare,

128 2086 159 2160 si
186 2110 271 2160 snas
288 2110 349 2159 res
370 2099 491 2186 gestas
505 2111 656 2160 manere
676 2082 800 2174 vellet,
812 2082 921 2159 illum
942 2103 1249 2190 persequeretur.

127 2198 193 2271 His
201 2198 318 2272 Laco²
337 2199 452 2273 rebus
462 2218 670 2275 commotus
680 2201 823 2288 statuit,
833 2203 1045 2275 accuratius
1055 2199 1124 2274 sibi
1139 2226 1250 2303 agen·

129 2311 221 2388 dum
249 2340 336 2389 cum
354 2315 611 2392 Pharnabazo.
626 2317 724 2392 Huic
740 2342 830 2419 ergo
841 2316 1049 2408 renuntiat,
1063 2344 1162 2420 quae
1173 2319 1251 2421 regi

130 2431 801 2523 cumbacedaemoniisessent,irrita
827 2432 969 2528 futura,
998 2433 1068 2508 nisi
1086 2431 1250 2509 Alcibia-

128 2547 345 2629 demvivum
360 2570 630 2629 autmortunm
641 2548 864 2625 tradidisset.
874 2553 961 2628 Non
977 2548 1064 2627 tulit
1082 2553 1250 2630 ³hocsa·

127 2680 265 2771 trapes,
280 2686 319 2744 et
337 2667 478 2747 violare
497 2668 750 2758 clementiam,
773 2695 883 2769 quam
898 2671 997 2771 regis
1011 2695 1103 2776 opes
1114 2672 1249 2765 minui,

125 2782 269 2862 maluit.
287 2785 423 2892 Itaque
441 2790 541 2864 misit
566 2785 826 2890 Sysamithren
847 2801 884 2860 et
901 2787 1066 2888 Bagoam
1082 2793 1097 2839 4
1115 2787 1164 2863 ad
1184 2787 1247 2864 Al·

125 2903 311 2980 cibiadem
340 2903 656 3000 interficiendum,
675 2928 796 3003 quum
815 2899 881 2975 ille
900 2918 997 2976 esset
1015 2907 1053 2977 in
1073 2903 1249 3009 Phrygia,

122 3020 270 3125 iterque
291 3022 340 3097 ad
368 3049 490 3127 regem
517 3033 769 3127 compararet.
787 3019 888 3093 Missi
908 3018 1000 3093 clam
1028 3021 1210 3098 vicinitati
1231 3026 1247 3074 ⁵

157 3256 200 3321 (5)
215 3257 320 3326 Cyrum,
330 3254 480 3309 Artaxerxis
493 3254 609 3318 fratrem,
621 3252 662 3306 eui
714 3248 769 3302 der.
787 3248 833 3314 lta,
850 3246 918 3320 apud
935 3247 1050 3315 Sallust,
1068 3249 1186 3305 Numida
1202 3270 1250 3322 pro

125 3338 219 3391 Darius
239 3338 385 3403 aeivitates,
398 3357 507 3408 quarum
519 3336 663 3407 praelectus
714 3332 848 3404 Iugurtha,
864 3334 973 3387 Mamur
988 3354 1034 3405 pro
1051 3335 1151 3388 boccho
1168 3353 1245 3388 usur·

125 3432 192 3488 erat,
204 3433 359 3478 testamento
375 3423 503 3494 legavita
522 3419 590 3476 Vide
599 3426 660 3475 lust.
713 3428 793 3486 petor.

123 3508 157 3567 V,
172 3514 212 3559 tt.
224 3507 306 3560 -At
319 3526 348 3559 eo
364 3509 481 3560 initurum
491 3511 613 3577 gratiam.
627 3507 661 3558 Se
746 3507 769 3552 3.
780 3498 843 3554 Non
854 3501 919 3554 tutta.
935 3500 1035 3572 Nempe
1047 3499 1122 3571 cessit
1135 3501 1251 3554 territus.

125 3588 202 3644 valde
215 3592 387 3646 Artaxerxem
400 3593 598 3645 demeritumm.
712 3585 816 3638 Tas-
827 3586 1002 3639 cameratam.
1019 3583 1134 3654 Respicit
1145 3582 1250 3656 hospitii

157 3677 200 3743 (t)
218 3675 323 3730 Critias.
340 3676 464 3748 Triginta
487 3685 661 3748 tyrannorum
712 3668 821 3724 tutelam
834 3669 969 3741 iidemque
981 3669 1068 3722 dataau
1081 3667 1158 3722 exuli.

123 3756 334 3814 immanissimus.
350 3760 416 3814 Vide
441 3760 524 3816 Cicer.
554 3759 661 3814 Tuscul.
746 3759 789 3824 (t)
800 3755 890 3824 Itaque
900 3756 969 3807 misit
977 3751 1152 3823 Syramithren
1164 3752 1251 3807 etBa-

124 3854 223 3916 quaest.
238 3849 263 3910 1,
275 3845 459 3900 96.-Gertos
476 3844 661 3899 hominesPlu·
712 3859 798 3911 gaam.
817 3836 996 3910 Syaamitbren
1016 3835 1178 3892 Pharnabazi
1195 3854 1246 3909 pa·

125 3927 227 3981 tarcbua
244 3928 341 3994 tradit,
366 3947 419 3983 nora
440 3938 500 3983 ante
522 3928 661 3982 adductum
712 3936 801 3979 tratum
815 3931 890 3976 vocat
906 3919 1034 3975 Plutarch.
1050 3922 1161 3993 Bagoam
1185 3938 1249 3977 vero

124 4027 179 4064 erae
194 4010 358 4083 Lysandrum
372 4047 380 4073 .
397 4019 425 4064 ut
449 4010 611 4066 Alcibiadem
627 4009 660 4064 de
710 4016 825 4062 nonum
837 4023 933 4060 nomen
945 4023 999 4060 ease
1010 4007 1247 4078 proprietatatem

124 4092 213 4150 medio
236 4093 386 4150 tollendum
401 4105 520 4162 curaret,
537 4113 617 4168 quam
633 4094 661 4149 id
711 4109 860 4158 commune,
872 4099 971 4162 putant,
988 4109 1039 4161 qno
1056 4093 1148 4145 Persae
1160 4109 1245 4146 eunu-

124 4181 282 4236 nominatim
300 4181 332 4251 ab
353 4181 457 4253 ephoris
478 4185 504 4238 ei
524 4181 661 4238 mandatus
711 4175 789 4231 chum
807 4175 941 4231 vocabant.
953 4173 1008 4231 Alii
1025 4177 1163 4249 hagaeum.

125 4272 200 4319 esset.
211 4265 321 4321 Laaaaar.
746 4263 791 4332 (5)
815 4259 961 4317 Vicieiteti.
981 4263 1054 4317 Hanc
1086 4261 1246 4316 vicinitatem

159 4348 204 4416 (t)
225 4349 302 4410 heo.
322 4349 539 4407 hcedaeanonins
556 4351 657 4425 Lysan-
711 4347 845 4407 mamam
869 4347 962 4406 urbem
978 4347 1065 4406 scribit
1083 4346 1248 4409 Athenaeus,
