3352 5572
484 485 734 551 ursroarovs
769 487 825 550 nr
859 488 1193 557 canonicarum
1300 459 1395 582 465

288 684 423 760 -epistola
446 687 502 743 eius
526 688 559 743 ad
581 689 759 756 drtaaeraem,
780 690 814 757 ll,

314 778 343 839 9,·
359 792 374 826 a
391 791 444 845 quo
460 773 598 846 magnifiee
622 773 748 839 donatur,
772 776 815 844 ll,

315 861 359 926 405
371 857 506 929 opiniones
519 858 552 911 de
565 866 648 912 morte
662 860 725 924 eius,
739 857 813 928 ibid.;

313 940 425 1014 aequalis
434 952 461 998 et
472 942 628 999 obtrectator
636 943 763 1011 Aristidis,
770 947 814 1012 111,

315 1037 340 1084 i.

280 1112 475 1188 Theopompus,
491 1113 637 1182 historicus,
655 1117 688 1180 11,
711 1122 738 1183 35
754 1117 814 1183 vti,

271 1222 276 1247 i
316 1205 357 1251 ll.

281 1279 470 1347 Theramenes,
480 1281 540 1349 vti,
554 1288 579 1337 5.

279 1362 478 1437 Thermopylae,
490 1367 524 1430 ll,
542 1371 557 1419 3
571 1373 598 1419 et
610 1369 636 1420 4.·
646 1364 748 1437 angusti
759 1362 813 1419 adi·

314 1459 366 1515 tos,
379 1449 486 1503 undeet
499 1467 597 1504 nornen
610 1460 756 1520 portarurn,
771 1447 814 1502 al·

313 1541 397 1589 teram
419 1533 539 1590 vocabuli
563 1543 665 1607 portem
687 1535 719 1587 ab
743 1534 815 1604 aquis

313 1616 415 1683 calidis,
431 1636 495 1689 quae
509 1618 536 1673 in
547 1617 673 1681 saucibus,
686 1635 815 1688 accepera.

279 1701 425 1757 Thessaliae
438 1703 556 1774 tyranni,
565 1703 638 1767 Xi'l,
653 1707 679 1768 ⁵,
691 1700 816 1769 civitates,

312 1787 377 1844 ibid.

280 1870 408 1937 Thraces,
422 1872 444 1939 l,
459 1880 483 1942 t;
496 1872 542 1934 Xl,
559 1876 585 1939 25
611 1889 625 1923 a
643 1870 754 1923 Cimone
770 1868 812 1921 su·

313 1958 377 2028 goti,
389 1958 422 2020 V,
434 1961 459 2025 25
478 1955 601 2028 pecuniae
614 1953 755 2008 Alcibiadis
770 1954 815 2008 in·

313 2040 450 2102 aidiantur,
464 2040 524 2105 Vll,
546 2045 573 2105 93
589 2037 715 2094 vinolenti
729 2047 755 2092 et
771 2055 813 2092 re·

314 2125 361 2177 bus
374 2124 494 2178 venereis
510 2123 602 2191 dediti,
615 2125 675 2187 vti,
690 2131 732 2179 tt.

280 2205 401 2273 Threcia,
411 2208 472 2272 vit,
484 2211 497 2257 7
502 2226 510 2276 5
527 2208 588 2274 ΧΗ,
601 2215 627 2262 3.

284 2290 404 2354 Thressa,
417 2290 526 2346 Thracia
540 2292 649 2358 femina,
663 2295 709 2358 Xl,
724 2300 750 2347 3.

284 2374 466 2447 Thrasybulus
482 2377 591 2448 patriam
611 2397 628 2432 a
643 2377 749 2450 triginta
769 2385 816 2448 ty·

318 2461 408 2515 tannis
423 2461 524 2529 liberat,
537 2463 607 2525 viti,
622 2472 645 2533 45
655 2473 743 2516 contra
756 2479 819 2531 quoa

317 2547 403 2618 primo
431 2546 531 2619 Phylen
554 2558 680 2619 occupat,
704 2549 774 2616 Vlil,
790 2552 816 2616 25

317 2650 378 2686 mox
394 2631 575 2705 Munychiam,
593 2633 670 2699 ibid,
687 2632 731 2686 ubi
748 2633 814 2687 civi·

316 2718 379 2774 liter
395 2720 504 2774 victoria
517 2722 608 2786 utitur,
626 2719 701 2774 ibid:
715 2720 817 2774 consti-

316 2814 371 2860 tuta
387 2823 466 2877 paee,
493 2804 577 2879 legem
595 2805 735 2861 oblivionis
755 2807 816 2871 sert,

318 2899 464 2960 servatque,
483 2892 553 2958 Vlll,
569 2898 595 2962 35
619 2889 705 2962 qualis
723 2908 817 2945 corona

316 2974 342 3027 ei
360 2971 432 3038 data,
451 2973 523 3039 vttt,
543 2980 571 3041 45
598 2974 626 3028 in
650 2973 818 3028 tabernaculo

317 3054 429 3128 denique
444 3055 595 3111 interiectus
619 3067 675 3124 est,
695 3056 758 3112 ibid.
776 3058 818 3110 Fit

317 3142 372 3197 eius
390 3142 495 3210 mentio,
513 3146 574 3208 vtt,
590 3151 605 3199 5
620 3153 646 3198 et
658 3150 683 3197 7.

283 3226 462 3299 Thucydides,
474 3230 510 3293 ll,
526 3238 535 3282 4
557 3237 584 3282 et
601 3247 628 3299 93
645 3231 691 3296 lV,
703 3234 729 3300 25
747 3228 819 3284 cuius

316 3314 405 3366 aetatis
422 3310 567 3377 historicus,
584 3314 645 3378 vit,
660 3322 700 3367 tt.

282 3397 388 3464 Thurii,
401 3398 439 3470 pl.
455 3397 518 3454 urbs
529 3396 625 3463 ltaliae,
639 3397 746 3469 Sybaris
757 3406 817 3451 ante

316 3483 508 3550 dicu,t·11,s.
597 3510 601 3515 ·

281 3568 385 3641 Tbyus,
400 3566 522 3641 dynastes
533 3564 732 3637 Paphlagoniae,
745 3568 817 3631 XIV,

316 3657 342 3723 25
355 3671 370 3705 a
386 3657 495 3707 Datame
509 3651 617 3724 capitur,
634 3649 698 3706 ibid.

281 3734 413 3802 Timaeus,
428 3735 599 3807 histor.,Vll‚
613 3742 654 3807 tt;
668 3732 817 3797 maledicus.

281 3898 434 3967 Thnoleon,
447 3902 608 3969 Corinthius,
621 3901 733 3974 patriani
746 3921 760 3956 a
772 3911 817 3975 ty·

317 4001 401 4039 ranno
414 3985 544 4052 liberavit,
560 3989 699 4061 Syracusas
711 3990 821 4043 servitu·

318 4074 363 4132 te,
380 4066 496 4122 Siciliam
512 4072 694 4142 oppressione,
716 4070 777 4134 XX,
796 4078 820 4137 45

315 4150 437 4215 fauent,
454 4154 502 4225 qul
521 4156 690 4226 tyrannidem
707 4174 817 4228 occupa·

317 4244 401 4300 vem,
417 4235 527 4294 interfici
543 4239 631 4306 iussit,
647 4239 729 4308 tuit„
748 4240 819 4295 uude

317 4318 412 4379 iudicis
439 4318 469 4372 in
488 4338 515 4376 se
527 4322 667 4382 concitavit
683 4322 819 4383 boninum

388 4446 481 4534 Coa.
507 4432 599 4536 tin.

898 702 925 748 et
942 693 1030 753 mauis
1045 692 1152 762 odium,
1168 693 1247 767 ibid.;
1270 695 1400 768 Dionysio

900 771 988 826 Sicilia
1013 771 1120 844 depulso
1142 777 1267 846 pepercit,
1292 778 1353 843 XX,
1370 781 1399 845 2,-

898 855 1149 927 Carthaginlensium
1174 857 1259 929 copias
1281 858 1400 931 fugarit,

898 936 1060 993 Mamercum
1074 940 1152 1013 cepit,
1164 940 1240 1007 ibid,
1248 942 1399 996 resSiciliae

898 1024 1033 1091 instaurat,
1051 1026 1110 1090 XX,
1123 1026 1150 1091 ³3
1174 1026 1290 1097 privatus
1309 1037 1400 1098 sponte

898 1108 997 1174 lactus,
1023 1129 1120 1182 magno
1145 1121 1232 1167 tamen
1249 1112 1354 1184 publice
1370 1114 1400 1167 in

898 1191 998 1249 bonore
1026 1197 1088 1263 tuit,
1112 1196 1187 1264 ibid,
1210 1195 1346 1252 oculorum
1371 1198 1400 1251 in

898 1289 1028 1336 senectute
1045 1282 1169 1337 iacturam
1188 1283 1239 1338 sert
1255 1283 1400 1349 moderate,

897 1362 959 1428 XX,
973 1367 1001 1433 45
1015 1364 1140 1420 modestia
1156 1366 1222 1432 eius,
1245 1366 1324 1432 ibld.,·
1339 1367 1399 1438 pio·

897 1455 946 1512 tas,
957 1447 992 1502 ih.
996 1467 1004 1517 5
1018 1450 1197 1506 conviciorum
1207 1450 1344 1521 patientia,
1352 1452 1400 1524 it,

897 1527 994 1599 praelia
1021 1533 1134 1586 maxima
1156 1532 1235 1586 natali
1260 1531 1305 1587 die
1326 1533 1400 1597 iecit,

898 1613 959 1680 XX,
973 1618 998 1681 55
1021 1614 1115 1672 celebri
1131 1616 1263 1689 sepultura
1283 1617 1400 1674 honora·

898 1704 950 1762 tus,
963 1697 1030 1752 ibid.

864 1793 1086 1866 Timoleonteum,
1096 1800 1262 1870 gymnasium
1270 1799 1402 1871 syracus,

898 1881 960 1946 XX,
974 1888 999 1935 5.

864 1981 1052 2054 Timophanes,
1065 1983 1145 2038 srater
1160 1984 1341 2055 Timoleontis,
1354 1995 1401 2059 ty·

898 2066 1037 2122 renuidem
1051 2079 1166 2141 occupat,
1179 2079 1206 2125 et
1219 2070 1328 2141 imperio
1342 2068 1398 2123 sra-

899 2155 947 2206 tris
963 2152 1099 2218 occiditur,
1113 2156 1173 2220 XX,
1187 2166 1211 2210 t.

867 2251 1031 2318 Timotheus,
1046 2253 1219 2318 Atheniensis,
1237 2253 1402 2322 describitur,

900 2333 975 2399 xttt,
992 2345 1017 2402 45
1031 2337 1087 2388 eius
1099 2336 1164 2391 sacta
1188 2337 1308 2404 illustria,
1325 2340 1401 2405 ibid,-

900 2427 984 2474 atatua
1002 2421 1051 2474 rari
1069 2421 1184 2488 honoris,
1194 2424 1267 2491 xttt,
1287 2429 1313 2495 25
1326 2444 1403 2479 eme-

904 2502 969 2556 ritus
984 2513 1120 2558 revocatur
1135 2504 1168 2557 ad
1185 2504 1314 2571 militiam,
1330 2509 1402 2575 xut,

902 2591 930 2653 35
953 2597 1081 2642 accusatus
1094 2587 1248 2659 proditionis
1264 2590 1403 2659 multatur,

901 2668 975 2738 ibid,
991 2670 1143 2726 Chalcidem
1158 2692 1186 2729 se
1201 2676 1311 2742 confert,
1328 2675 1403 2758 ibid,

902 2750 1034 2806 moderate
1052 2763 1078 2806 et
1097 2753 1225 2824 sapienter
1242 2756 1314 2823 vixit,
1332 2757 1403 2825 xttt,

900 2840 927 2891 4.
949 2839 993 2891 Fit
1009 2837 1063 2892 eius
1083 2842 1191 2906 mentio,
1211 2841 1256 2909 xl,
1279 2850 1305 2909 3,·
1325 2842 1402 2898 Lesbi

902 2921 1047 2994 plurimum
1057 2926 1129 2993 vixit,
1141 2926 1201 2994 xit,
1216 2935 1241 2983 3.

867 3023 1003 3080 Tiribanus
1016 3025 1138 3081 Sardibus
1155 3037 1264 3099 praeest,
1282 3031 1328 3097 tx,
1343 3037 1368 3085 b.

867 3125 1012 3197 Tisassoris,
1026 3126 1106 3182 irater
1116 3128 1250 3195 Miltiadis,
1264 3132 1287 3197 l,
1301 3139 1327 3187 7.

868 3224 1062 3298 Tissaphernes,
1075 3230 1134 3296 vit,
1147 3236 1170 3300 ⁵3
1183 3232 1323 3301 praelectus
1331 3234 1402 3287 Pers.

902 3309 1020 3365 delinita
1040 3332 1111 3384 rege,
1133 3315 1179 3377 itt,
1200 3320 1215 3366 2
1240 3323 1265 3367 et
1279 3319 1305 3384 35
1322 3314 1402 3369 bostis

901 3393 1040 3460 iudicatus,
1054 3398 1101 3463 IX,
1115 3403 1142 3464 45
1157 3396 1270 3452 inducias
1288 3400 1351 3469 petit
1375 3408 1402 3452 et

903 3479 990 3546 violat,
1001 3480 1122 3543 XVIM.
1431 3534 1434 3539 .

868 3562 1028 3620 Tithraustes
1047 3562 1209 3632 chiliarchus,
1224 3565 1271 3635 tx,
1290 3572 1323 3633 35
1341 3566 1402 3638 dux,

903 3645 975 3714 XIV,
992 3654 1018 3701 3.

870 3731 1018 3803 Torquatus
1037 3731 1077 3795 L„
1097 3731 1287 3804 condiscipulus
1312 3731 1402 3799 Attici,

903 3815 980 3867 XXV
980 3853 991 3880 ,
1004 3824 1027 3879 45
1043 3814 1143 3879 consul,
1154 3816 1238 3883 XXV,
1250 3822 1276 3887 45
1291 3819 1324 3872 Α.
1336 3819 1401 3872 Tor·

902 3906 1005 3968 quatus,
1019 3897 1101 3961 XXV,
1116 3906 1158 3953 tt.

868 3981 1045 4047 Trasimenus,
1057 3979 1125 4035 lacus
1144 3983 1173 4037 in
1192 4002 1255 4057 agro
1266 3985 1402 4052 Perusino,

903 4066 975 4127 xttt.
988 4072 1014 4120 4.

841 4167 845 4178 ·
869 4147 975 4216 Trebia,
995 4151 1090 4207 fluvius
1107 4172 1138 4208 ex
1155 4154 1295 4226 Apennino
1313 4162 1403 4209 monte

902 4236 932 4289 in
946 4234 1046 4291 Padurn
1061 4237 1155 4306 flmns,
1168 4238 1265 4307 XXlll,
1278 4246 1294 4295 4
1311 4250 1337 4298 et
1353 4247 1388 4298 δη
1488 4236 1491 4245 ’

868 4321 980 4386 Troadis
992 4340 1064 4397 ager,
1079 4325 1125 4399 lii,
1138 4331 1165 4384 3.

1246 4457 1303 4562 Ga
