3352 5572
452 416 558 543 428¹
907 447 1131 514 excrnsvs
1156 497 1160 505 λ

450 654 533 721 thofii,
542 653 698 722 emendatio,
705 668 785 723 quam
798 651 897 706 Staver.
911 649 990 705 modo
1002 649 1144 721 proposuit,
1157 649 1239 703 audax
1251 657 1301 707 est.
1307 650 1341 706 V.
1347 651 1381 706 cl.
1393 652 1577 727 Kappiieriain

451 739 481 793 in
494 739 566 810 opp.
582 737 657 800 meis,
673 753 732 806 pag.
747 739 806 789 tet.
823 735 890 788 Loco
913 753 965 787 non
981 736 1048 786 enim
1069 738 1134 786 virt.
1157 732 1244 787 t'orsan
1263 734 1316 806 legi
1328 744 1432 806 potest:
1454 743 1507 792 ism
1521 759 1578 797 rana

451 826 552 875 virtute.
564 820 632 871 Dein
647 819 668 871 si
682 816 813 871 Eumenes
830 817 956 888 dignitate
971 816 1072 869 Ιιοιιιιια
1085 813 1166 868 fuisse
1181 814 1284 880 dicitur,
1302 817 1387 888 Nepos
1399 819 1515 875 indicare
1528 822 1578 877 via

453 903 528 957 detur
546 903 658 954 formam
672 901 788 970 corporis
801 899 934 963 eximiam,
951 917 1029 970 supra
1044 896 1190 969 vulgarem,
1215 910 1349 972 augustam
1362 911 1388 955 et
1406 921 1581 974 generosam,

456 985 492 1039 ita
506 994 536 1038 ut
547 981 662 1039 msaouls
679 981 724 1036 illa
739 980 844 1053 viroque
868 981 947 1052 digna
961 979 1165 1050 pulchritudine,
1178 979 1358 1036 membrorum
1372 994 1501 1039 structura
1517 984 1581 1040 vnl-

454 1076 546 1138 tueque
553 1062 690 1134 splendore
702 1064 883 1124 reverentiam.
892 1072 927 1125 et,
943 1063 1039 1117 viribus
1052 1061 1256 1132 corporisllrrnis
1264 1065 1442 1122 accedentibus
1452 1068 1580 1125 timorem

454 1149 575 1202 inliceret
588 1145 743 1199 edversario.
756 1145 798 1197 Sic
813 1143 840 1195 in
848 1143 932 1196 Dione
945 1144 967 1208 l,
979 1162 1003 1198 c.
1018 1147 1044 1203 2.
1056 1142 1143 1197 laudat
1154 1162 1276 1216 magnam
1287 1150 1400 1216 corporr‘s
1412 1149 1580 1220 dignitatem.

455 1229 534 1298 Atqui
545 1229 649 1299 proprie
661 1227 775 1297 dignitas
788 1225 815 1279 in
833 1224 899 1288 viro,
914 1238 1027 1278 venustas
1040 1224 1068 1278 in
1085 1224 1182 1279 irmina
1198 1225 1324 1283 laudatur.
1339 1231 1379 1284 Ne
1393 1238 1479 1281 umen
1496 1232 1524 1283 in
1543 1249 1582 1285 eo
1623 1250 1628 1259 ·

453 1311 583 1366 heroicam
594 1310 709 1381 corporis
730 1306 937 1379 magnitudinem
954 1307 1042 1370 luisse,
1053 1304 1145 1376 aliquis
1160 1307 1339 1378 suspicaretur.
1355 1310 1429 1363 cuins
1448 1310 1582 1367 beneficio

455 1395 630 1449 adversarium
646 1393 759 1459 vicisset,
772 1388 871 1443 addidit
879 1389 976 1460 Nepos,
988 1408 1066 1461 neque
1082 1403 1136 1444 tam
1152 1388 1209 1458 (vel
1223 1390 1301 1454 torte,
1315 1409 1392 1465 neque
1406 1404 1491 1446 tamen
1507 1397 1582 1463 tam)

457 1498 492 1532 m.
503 1498 526 1529 c.
544 1497 570 1547 q.
582 1476 613 1547 f.
626 1492 687 1528 ven.
708 1475 776 1526 Haec
794 1473 975 1543 interpretatio
994 1472 1016 1524 si
1034 1470 1133 1555 placet,
1149 1470 1215 1525 nihil
1232 1470 1328 1538 doesse,
1351 1475 1489 1544 omnisque
1507 1474 1580 1530 hene

454 1559 591 1613 cohaerere
606 1555 736 1609 videmus.
749 1555 871 1625 Dignitas
883 1554 996 1618 honestm
1008 1551 1035 1607 h.
1049 1572 1072 1605 e.
1082 1553 1196 1623 pulchra,
1210 1572 1275 1625 qnae
1292 1553 1419 1607 honorem
1437 1567 1514 1626 atque
1523 1558 1582 1612 exi·

455 1640 629 1695 stimationem
642 1647 723 1709 parat,
740 1654 783 1691 me
797 1654 850 1690 non
862 1654 955 1708 neque,
967 1654 996 1691 ac
1007 1638 1199 1708 llensingernm
1211 1636 1328 1689 offendit.
1339 1635 1413 1690 Adde
1425 1637 1542 1702 Bosium,
1549 1649 1583 1694 et

456 1721 536 1776 indic.
554 1720 706 1792 Heusinger.
728 1719 803 1773 Harl.
826 1720 895 1771 llaec
908 1717 997 1785 verhs,
1010 1738 1087 1788 neque
1103 1720 1132 1772 id
1146 1719 1399 1789 falum-venusta,
1415 1737 1482 1791 qnae
1499 1723 1582 1773 lieu-

457 1806 554 1876 ringer.
562 1802 649 1856 delere
667 1802 751 1872 iuhet,
765 1800 799 1853 oh
814 1801 923 1856 rationes
937 1802 964 1854 in
978 1798 1076 1855 Harles.
1089 1800 1213 1872 Opuscul.
1226 1801 1288 1855 varii
1301 1799 1582 1873 arg.allatss,rciicere

456 1904 510 1941 non
527 1905 638 1957 munus.
653 1888 746 1939 Fateor
769 1883 1034 1956 quidam,e1alieno
1052 1888 1110 1938 loco
1123 1884 1205 1955 posita
1220 1883 1312 1938 videri.
1333 1886 1368 1937 At
1389 1883 1582 1954 interpretibus

456 1967 542 2023 fraudi
557 1968 608 2023 tuit
630 1987 698 2032 unm,
711 1984 775 2037 quse
789 1986 851 2022 vero
861 1966 888 2020 h.
901 1965 919 2020 l.
933 1965 972 2019 utl
989 1965 1056 2037 apud
1080 1965 1189 2019 Florum
1208 1968 1241 2027 11.
1257 1986 1287 2031 u,
1308 1973 1333 2034 7,
1349 1975 1376 2018 et
1395 1966 1485 2036 passim
1505 1967 1582 2035 apud

458 2051 546 2106 Valer.
565 2051 672 2105 Maxim.
687 2048 810 2120 aliosque,
828 2066 883 2103 non
894 2058 934 2102 est
943 2047 1091 2103 coniunctio
1106 2048 1221 2114 causalis,
1233 2049 1279 2102 sed
1295 2047 1446 2104 transitioni
1457 2046 1582 2108 inservit.

460 2134 532 2190 Nihil
545 2152 608 2206 ergo
622 2131 784 2187 mutandum.
798 2130 882 2202 Kapp.

493 2298 606 2352 Pacorus
624 2299 673 2362 lv,
685 2316 712 2367 p.
728 2293 969 2365 resumpturum.
979 2291 1228 2364 Primushoogolius
1239 2295 1380 2366 suspicatus
1397 2302 1437 2347 est
1449 2294 1584 2366 Nepotem

461 2381 503 2436 hic
520 2381 620 2452 lapsum
633 2380 699 2442 esse,
709 2376 873 2450 quodminus
888 2376 987 2429 curiose
1003 2376 1115 2432 Graecos
1127 2375 1227 2428 codices
1240 2375 1388 2444 inspexisset
1400 2378 1585 2448 vertissetquep

460 2482 520 2518 nam
538 2484 569 2517 ex
582 2461 695 2516 Aristide
712 2469 806 2530 patere,
823 2457 851 2510 in
865 2457 970 2511 Graecis
998 2458 1129 2512 actoribus
1141 2457 1266 2528 scriptum
1284 2456 1359 2511 luisse
1372 2456 1536 2529 ippulo'rrrr,
1552 2457 1584 2514 h.

461 2547 591 2599 cortun.
605 2539 890 2614 Huncposteahlspius
903 2539 998 2612 aliique
1009 2540 1110 2610 sequuti
1123 2549 1192 2594 sunt.
1206 2538 1326 2593 Schottus
1332 2540 1446 2593 tentabat
1457 2541 1584 2613 Enippnsj

461 2628 528 2678 hunc
542 2628 673 2677 enimuna
684 2643 744 2677 curn
758 2623 887 2677 Phocione
899 2621 990 2693 capitis
1002 2621 1152 2677 damnatum
1166 2622 1253 2689 luisse,
1273 2640 1288 2674 e
1304 2621 1440 2675 Plutarcho
1456 2621 1485 2675 in
1498 2621 1584 2679 Phoe.

461 2717 486 2760 et
504 2706 687 2776 apophthegm.
702 2724 730 2758 ac
744 2704 851 2757 Aeliano
859 2705 931 2770 Xlll,
945 2711 987 2769 42,
1000 2714 1116 2773 constat;
1130 2722 1278 2778 quanquam
1295 2704 1360 2774 apud
1371 2702 1509 2758 helianum
1523 2724 1583 2760 non

464 2785 588 2849 Εὔιππος,
601 2786 646 2838 sed
659 2783 806 2846 Θούδιππος
822 2784 926 2856 legitur.
936 2785 989 2842 Sed
1012 2795 1154 2856 utrumqne
1166 2784 1269 2856 longius
1280 2785 1333 2838 nhit
1348 2803 1362 2837 a
1375 2786 1500 2856 scriptura
1521 2785 1585 2842 Nee

461 2867 537 2938 potis,
551 2883 628 2934 qnam
642 2874 671 2916 ut
682 2883 755 2917 error
772 2884 803 2918 ex
817 2865 940 2919 affinitate
948 2875 1018 2921 ortus
1028 2865 1112 2921 videri
1127 2875 1212 2936 queat.
1226 2867 1367 2939 Enphyteti
1379 2865 1510 2919 cuiusdam
1523 2884 1588 2921 sne·

462 2945 539 3000 minit
551 2944 708 3007 Andocides,
721 2963 760 2996 or.
775 2943 807 2997 de
819 2955 927 3015 myster.
941 2952 980 3020 (p.
990 2952 1030 3013 t8‚
1043 2946 1084 3003 ed.
1093 2948 1199 3018 heich),
1209 2950 1254 3017 qui
1265 2966 1298 3001 sn
1313 2946 1355 3001 hic
1368 2947 1455 3002 locum
1465 2948 1587 3020 reperire

462 3027 550 3101 possit,
563 3024 679 3079 viderint
694 3026 796 3079 eruditi.
815 3029 941 3083 Fortassis
951 3030 1019 3101 apud
1037 3028 1179 3084 Aristidem
1196 3049 1294 3085 nornen
1313 3030 1363 3084 viri
1380 3039 1539 3100 corruptum.
1555 3042 1585 3089 et

464 3112 492 3164 in
514 3107 699 3180 appellativum
723 3107 824 3160 transiit
836 3147 844 3172 ,
857 3128 937 3178 quum
952 3112 1006 3183 ipsa
1025 3111 1167 3183 scripsisset
1185 3111 1320 3184 ippilsro'e
1331 3129 1383 3180 ree,
1395 3122 1439 3165 aut
1452 3112 1538 3182 Nepos
1551 3132 1586 3166 ex
1604 3120 1607 3131 '

464 3193 520 3246 aliis
533 3188 676 3245 auctoribus
693 3190 869 3244 narrationem
884 3211 957 3246 suam
974 3193 1076 3263 hausit;
1100 3205 1141 3246 aut
1156 3194 1268 3263 denique
1282 3195 1310 3246 in
1330 3203 1463 3264 corruptos
1479 3192 1585 3248 codices

462 3275 560 3329 incidit
574 3275 649 3351 Certe
663 3281 716 3327 tam
729 3271 866 3327 oscitanter
878 3292 938 3326 enm
952 3274 1064 3329 Graecos
1078 3277 1214 3348 scriptores
1225 3283 1353 3342 tractasse,
1362 3277 1405 3330 vis
1417 3273 1581 3328 crediderim.

463 3362 524 3415 Bos.
543 3358 668 3427 Nepotem
681 3354 708 3409 h.
726 3354 745 3408 l.
763 3352 862 3425 lapsum
874 3374 937 3418 esse,
956 3357 1035 3409 etiam
1049 3357 1146 3412 iudicat
1161 3355 1294 3428 Schlegel.
1311 3357 1361 3411 l.c.
1375 3375 1401 3427 p.
1413 3360 1454 3421 70.
1464 3351 1583 3421 ΜΡ-

460 3460 520 3514 pum
534 3437 675 3513 quemdam
693 3439 810 3491 nominat
823 3436 952 3491 Plutarch.
967 3441 994 3493 in
1012 3437 1090 3493 Phoc.
1109 3447 1150 3503 35,
1165 3440 1298 3502 intereos,
1314 3438 1429 3506 quicum
1447 3431 1583 3488 Phocione

463 3533 552 3588 erant,-
567 3533 593 3576 et
605 3541 628 3576 c.
637 3528 680 3584 36,
692 3519 725 3575 de
738 3520 846 3574 interitu
863 3517 934 3573 illius
950 3532 977 3574 et
989 3521 1124 3578 Phocionis
1136 3522 1211 3593 plura
1225 3520 1364 3574 memoriae
1378 3511 1497 3584 prodidit
1506 3513 1581 3572 Add.

464 3603 696 3658 Perimhnimndv.
713 3601 806 3657 histor.
821 3620 844 3655 c.
859 3605 884 3664 9,
902 3620 927 3671 p.
940 3604 991 3656 404
1004 3622 1061 3676 sqq.
1074 3602 1116 3657 ed.
1130 3603 1285 3672 Altenhnrg.
1298 3595 1422 3668 Equidem
1434 3611 1494 3647 curn
1506 3595 1581 3652 Tes-

461 3687 553 3739 chucl.
570 3702 623 3737 non
642 3682 776 3737 videorne
789 3700 886 3737 nornen
900 3701 960 3738 vere
977 3685 1111 3755 proprium
1130 3702 1182 3736 essa
1197 3691 1316 3752 nequeat,
1335 3679 1401 3731 sorte
1422 3676 1583 3747 inpartibus

463 3766 617 3842 quibusdam
630 3778 789 3838 corruptum.
797 3767 874 3820 Harl.

498 3923 635 3973 Trnonsoa
658 3917 710 3979 lV,
737 3934 763 3986 p.
778 3919 849 3974 Δ273.
874 3912 1042 3983 Αὐτοματίας.
1067 3911 1123 3963 Hoc
1149 3907 1277 3980 templum
1300 3907 1458 3978 αὖτοματίας
1475 3905 1583 3964 videtur

466 4000 592 4056 divellere
610 3999 763 4054 sententiam
780 3996 991 4070 praecedentium
1009 3994 1157 4061 verborum,-
1174 3992 1219 4046 sed
1234 3991 1277 4046 vis
1294 3989 1380 4056 credo,
1399 3991 1465 4043 hanc
1485 4007 1580 4045 vocem

467 4080 515 4133 hoc
533 4080 590 4133 loco
604 4098 650 4152 per
655 4081 792 4151 fimuirnm
805 4097 889 4132 oasam
901 4095 956 4130 esse
972 4074 1153 4149 explicandam.
1166 4075 1224 4127 Vos
1237 4071 1381 4142 αὐτόματον
1396 4088 1471 4141 saepe
1491 4086 1582 4141 oppo-

467 4163 539 4216 nitur
551 4162 586 4228 ei,
603 4161 672 4234 quod
688 4160 720 4215 ah
735 4159 893 4222 hominihus.
904 4159 961 4214 sive
974 4158 1140 4213 humansrum
1154 4173 1278 4209 mannum
1294 4172 1372 4224 opera
1385 4153 1481 4206 laetum
1493 4162 1542 4216 est,
1553 4161 1584 4207 et

466 4259 514 4314 pro
530 4261 562 4297 eo
573 4246 691 4316 ponitur,
702 4242 774 4317 qood
787 4241 891 4299 divinae
906 4239 1082 4316 providentiae
1094 4239 1225 4313 originem
1235 4255 1308 4292 suam
1321 4235 1409 4292 dehet.
1420 4234 1466 4291 sic
1475 4231 1591 4305 helian..
