3352 5572
452 478 514 577 92
901 471 1126 540 tatsrtnts

449 679 543 756 eiam
562 682 590 730 ⁴⁴
613 673 820 768 deseendit,
850 691 955 754 sexto
973 681 1005 731 ⁴²
1023 675 1104 755 fere
1121 703 1236 773 anno,
1260 707 1376 786 quam
1394 697 1477 760 erat
1502 706 1584 761 ex-
1624 764 1634 789 ,

448 793 592 897 pulsus,
609 791 841 898 populiscito
869 796 910 868 in
927 797 1089 898 patriam
1121 799 1319 875 restitutus
1350 815 1417 877 est.
1447 802 1583 878 Inter-

448 907 564 985 foit⁴³
586 925 711 983 autem
747 937 897 1015 pugnae
928 909 1055 985 navali
1084 911 1189 1017 apud
1219 912 1433 1012 Salamina,
1467 942 1578 1018 quae

449 1025 549 1103 facta
567 1043 623 1102 est
639 1028 766 1130 prius,
793 1056 907 1131 quam
926 1054 1049 1133 poena
1074 1028 1316 1108 liberaretur.

452 1202 459 1213 .
500 1143 548 1216 Π.
582 1141 686 1217 ldem
710 1152 893 1243 praetor⁴
939 1142 1013 1219 fuit
1039 1146 1322 1223 Atheniensium
1350 1147 1454 1251 apud
1487 1148 1580 1229 ets·

451 1277 552 1339 taeas
580 1264 621 1335 in
647 1258 805 1362 praelio,
822 1287 897 1362 quo
915 1261 1137 1340 Mardonius
1162 1264 1280 1361 lusus,
1297 1265 1580 1345 barbarorum-

452 1406 529 1482 que
564 1381 745 1456 exercitus
781 1378 1004 1461 interfectus
1033 1398 1100 1457 est.
1137 1384 1272 1487 Neque
1299 1383 1404 1460 aliud
1430 1401 1487 1463 est
1513 1384 1579 1463 ul-

451 1495 530 1572 lum
550 1501 564 1549 ²
583 1497 694 1572 huius
712 1500 752 1571 in
773 1525 815 1573 re
833 1496 985 1574 militari
998 1497 1143 1574 illustre
1156 1498 1310 1595 factum,
1331 1531 1443 1606 quam
1457 1503 1578 1583 huius

453 1615 602 1719 imperii
621 1617 811 1706 memoria;
837 1617 1116 1694 iustitiaevero
1148 1630 1185 1692 et
1213 1621 1408 1720 aequitatis
1427 1626 1442 1674 ³
1459 1636 1498 1697 et
1519 1623 1579 1697 iu·

383 1832 393 1855 ὓ
453 1736 670 1824 nocentiae,
687 1733 818 1811 multa.
845 1735 1054 1839 Inprimis,
1076 1733 1181 1837 quod
1201 1737 1280 1812 eius
1308 1744 1496 1840 aequitate
1518 1739 1577 1816 fe·

459 2024 464 2033 .
486 1982 547 2050 (tt)
560 1981 699 2052 Postquam
714 1980 810 2049 Xerxes
817 1984 845 2035 iss
854 1980 987 2036 Graeeieon
1037 1983 1088 2054 ptis
1102 1982 1258 2054 quibusdam
1276 1981 1414 2038 illustribus
1426 1985 1575 2041 interemits

452 2066 590 2121 demodis.
598 2068 653 2122 Vsu
665 2085 766 2140 praem,
777 2068 810 2122 de
823 2066 987 2140 expeditione
1038 2076 1068 2119 ut
1080 2066 1197 2123 referunt
1207 2068 1349 2123 Herodotus
1368 2071 1494 2140 V111,9s;
1505 2069 1581 2127 Ptot.

454 2165 486 2199 ex
500 2148 572 2212 Asia,
588 2151 698 2215 oriente,
716 2150 743 2203 in
761 2151 901 2222 Europam,
913 2152 985 2204 oeni·
1039 2154 1083 2206 tx.
1097 2155 1195 2209 Romus.

453 2231 577 2300 dentem,
602 2236 677 2290 seru.
701 2236 767 2291 Hine
793 2235 948 2309 intelligitur
972 2234 987 2293 o'
1072 2240 1116 2310 (t)
1142 2240 1263 2305 Praetor.
1297 2238 1450 2312 Δρωπίδης
1475 2242 1523 2312 nto
1549 2242 1578 2299 ts

453 2315 988 2394 budaottsdqetxenopisentisdstiisesr
1038 2322 1190 2393 Μαραθῶνι,
1216 2323 1261 2376 asi
1281 2318 1361 2378 §tus
1383 2324 1409 2379 is
1434 2323 1581 2391 Πλαταιαῖς

454 2400 763 2478 Ripon.'l'ss.1tegemed
772 2405 913 2461 Aristidem
925 2425 988 2460 esu·
1039 2402 1145 2468 teme
1164 2399 1197 2463 t»
1214 2409 1367 2481 στρατηγός.
1385 2406 1454 2461 Plut.
1476 2407 1505 2460 in
1521 2411 1582 2464 Ga-

456 2484 509 2540 lern
522 2488 621 2543 misisse
631 2489 827 2561 legatomttris
837 2493 989 2545 Dsrieorum
1039 2496 1100 2540 tone
1114 2489 1229 2553 maiore,
1256 2489 1380 2562 additque
1397 2489 1425 2542 io
1450 2488 1584 2545 Aristide.-

456 2570 540 2625 millis
555 2573 677 2628 obtulisse
696 2575 784 2629 scribit
800 2575 904 2641 suidas,
921 2576 988 2648 apud
1040 2571 1221 2642 uqsmspts
1230 2565 1301 2643 εἶχεν
1309 2573 1410 2641 ἀξίωμα
1424 2572 1584 2643 maestae.

454 2673 533 2725 quern
547 2656 606 2710 side
621 2677 687 2730 quae
700 2658 869 2730 responderit.
1040 2652 1103 2718 δόξη
1119 2653 1201 2709 dissei
1217 2653 1324 2726 δυνάμιι
1336 2654 1452 2727 δεύτερος
1467 2648 1501 2713 ἦν
1511 2658 1585 2732 Ape.

492 2744 553 2810 (η)
570 2743 657 2799 Seno.
673 2742 989 2813 transnominatus
1040 2716 1153 2798 weltes
1173 2738 1244 2791 thee
1268 2738 1356 2790 omisit
1381 2747 1408 2790 et
1433 2738 1532 2809 Nepos·
1545 2768 1586 2785 -

456 2850 491 2865 -
504 2823 637 2878 mmmm
658 2838 705 2879 est.
720 2829 854 2882 Metuente
876 2826 991 2896 populo,
1043 2820 1101 2890 Quo
1117 2820 1275 2897 Mqrdonins.
1293 2818 1360 2873 Vide
1381 2821 1447 2874 inira
1463 2822 1493 2873 in
1512 2825 1586 2877 esu.

457 2927 492 2962 ῃ,
508 2909 989 2987 A1521id„‚quodp1uumhu,0b,9r.
1041 2901 1113 2952 sanis
1135 2900 1154 2952 l.
1169 2901 1243 2953 Hunc
1263 2910 1320 2971 post
1337 2899 1440 2954 eisdem
1462 2899 1585 2957 Salami-

457 2999 517 3055 νει,
537 2990 564 3044 in
585 2992 688 3046 xenis.
702 3004 787 3065 μαι,
804 2995 940 3048 transires:
958 2995 992 3047 tu
1043 2985 1113 3035 niam
1137 2987 1165 3037 in
1187 2985 1295 3039 Graecia
1316 2985 1455 3056 reliqueret
1472 2987 1587 3045 Xerxes.

457 3075 603 3127 maximum
623 3075 691 3128 buno
708 3081 795 3130 virum
816 3077 922 3132 modulo
943 3096 990 3130 suo
1041 3067 1111 3123 Plui·
1124 3070 1152 3123 ln
1166 3071 1244 3125 Arist·

456 3156 640 3212 metiebantur.
661 3159 796 3213 destitutus
818 3172 905 3215 sutem
928 3179 993 3214 rer-
1077 3157 1119 3223 (Ἰ)
1137 3150 1229 3224 Neque
1242 3156 1360 3209 abndess
1370 3157 1459 3211 ntinm.
1469 3158 1534 3212 Fuit
1545 3166 1585 3212 u·
1612 3226 1618 3239 Ι
1650 3186 1657 3195 ·

457 3240 522 3295 burn
536 3241 563 3293 in
578 3242 624 3296 hso
638 3262 666 3296 re
680 3242 799 3309 solenne,
820 3255 845 3299 et
863 3264 894 3298 ex
916 3246 992 3299 Cice·
1043 3254 1105 3287 Μ
1122 3247 1226 3307 P¹ffl0¹
1243 3256 1304 3289 ‘¹¹¹¹
1318 3241 1420 3302 telem,
1436 3236 1507 3290 b‘lltt
1520 3238 1583 3293 ΠΙ·

457 3342 520 3378 mne
537 3333 636 3391 natum,
652 3345 701 3398 pro
717 3340 854 3392 mmm,
869 3327 902 3382 de
916 3327 991 3381 exule
1043 3319 1174 3384 ratherio,
1187 3331 1262 3392 atque
1276 3324 1304 3375 iu
1321 3342 1352 3376 eo
1365 3333 1470 3377 strenue
1482 3343 1510 3377 se
1524 3342 1588 3397 ges·

457 3408 533 3462 rebus
544 3412 712 3465 omninosois
723 3412 834 3467 reddito.
843 3412 873 3465 ld
885 3411 993 3466 Themi·
1043 3405 1084 3457 sit.
1098 3404 1165 3458 Vide
1186 3425 1270 3478 suprs-
1287 3406 1338 3459 Sed
1354 3409 1413 3478 quia
1426 3406 1540 3463 oonsilio
1556 3418 1586 3464 et

456 3493 542 3547 stoclis
569 3515 646 3566 opera
663 3496 761 3550 sactum
788 3496 866 3549 tradit
891 3513 993 3567 quoque
1043 3490 1162 3561 eutplciit
1183 3490 1323 3558 Miltiadi&
1347 3491 1373 3542 5¹¹
1391 3509 1470 3562 quem
1495 3500 1586 3547 lotum

456 3577 526 3632 Plut.
540 3579 684 3635 Aristidem
707 3600 770 3635 vero
792 3578 895 3633 exulem
912 3582 991 3632 Lace·
1044 3576 1320 3646 exercitusimperium
1337 3574 1514 3641 transtulerat,
1534 3593 1587 3646 pu·

458 3661 583 3717 daemona
600 3665 703 3734 fugisse,
717 3682 786 3719 unus
798 3664 847 3717 Ov.
867 3663 899 3716 de
911 3663 993 3717 Ponto
1043 3665 1151 3729 gnatum
1170 3668 1220 3723 est,
1234 3677 1287 3712 non
1308 3658 1378 3727 huic,
1395 3657 1441 3711 sed
1469 3656 1586 3715 ttitsudt

458 3749 571 3816 1,s,7⁴;
585 3753 679 3805 caeteri
692 3750 791 3822 Aegina
805 3757 992 3802 commoratum
1046 3743 1166 3799 victoriae
1182 3745 1235 3798 laus
1253 3744 1348 3799 tributa
1360 3744 1420 3831 fuit.

459 3829 535 3883 luisse
552 3844 669 3889 narrant.
1079 3828 1586 3900 (3)1ustisiaeveroesaeqnisarts.ssxem·

493 3916 693 3988 (t3)1nterfisis.
706 3923 777 3973 Inter
790 3935 878 3988 quarn,
892 3934 990 3970 assuen-
1046 3913 1089 3986 pla
1102 3925 1292 3968 commemoret
1309 3913 1438 3968 Plutarch.
1453 3911 1585 3979 eristtd,

457 4000 507 4070 ptis
523 3998 614 4052 multis
631 4000 756 4071 gravioris
774 4012 920 4055 armaturae
938 4001 990 4054 mi·
1044 4011 1071 4055 et
1083 4000 1185 4056 Tullius
1202 4000 1235 4055 de
1250 4001 1349 4055 Officiis
1372 4002 1428 4064 111,
1447 4007 1475 4050 tt
1496 4005 1522 4051 et
1539 4002 1585 4055 23·

458 4083 557 4151 litibus,
563 4104 658 4157 genere
672 4089 884 4155 Atheniensibus,
895 4089 993 4156 Persas,
1046 4083 1087 4139 Ad
1105 4084 1181 4140 illum
1198 4104 1300 4160 quoque
1313 4085 1483 4140 Athenienses
1497 4080 1586 4139 tradu-

457 4172 503 4246 qui
514 4172 666 4245 Psyttaliam
681 4173 802 4239 insulam,
815 4185 845 4229 ut
861 4175 990 4231 adnatan-
1045 4168 1138 4226 selbot
1155 4190 1257 4226 versum
1268 4173 1391 4245 Aeschyli
1407 4171 1440 4225 de
1454 4167 1585 4240 Amphia-

458 4269 496 4312 tes
511 4258 570 4312 suos
584 4277 599 4311 e
613 4258 747 4331 naufragio
756 4271 897 4326 servarent,
908 4260 994 4314 hostes
1046 4278 1100 4321 rso,
1113 4261 1184 4330 Sept.
1199 4257 1230 4310 ad
1242 4256 1294 4311 Th.
1308 4263 1366 4312 598:

456 4352 587 4412 necarent,
598 4350 797 4416 occupaverant,
812 4361 902 4399 ornnes
919 4361 996 4399 esee·
1046 4342 1143 4417 Ούγὰρ
1155 4340 1238 4400 tono
1246 4342 1358 4415 ἄριστος,
1368 4339 1423 4397 ἀλλ’
1432 4333 1498 4397 εἶναι
1505 4337 1582 4394 tiles.
